INFO	2022-01-26 01:26:52,902	0	FtxWebSocketTest	[main]	BeforeClass : setup
INFO	2022-01-26 01:26:54,948	2046	FtxWebSocketTest	[main]	Connection is OPEN
INFO	2022-01-26 01:47:07,969	0	FtxWebSocketTest	[main]	BeforeClass : setup
INFO	2022-01-26 01:47:10,032	2063	FtxWebSocketTest	[main]	Connection is OPEN
INFO	2022-01-26 01:48:28,469	0	FtxWebSocketTest	[main]	BeforeClass : setup
INFO	2022-01-26 01:48:29,856	1387	FtxWebSocketTest	[WebSocketConnectReadThread-13]	alt-svc:h3=":443"; ma=86400, h3-29=":443"; ma=86400
INFO	2022-01-26 01:48:29,857	1388	FtxWebSocketTest	[WebSocketConnectReadThread-13]	CF-Cache-Status:DYNAMIC
INFO	2022-01-26 01:48:29,857	1388	FtxWebSocketTest	[WebSocketConnectReadThread-13]	CF-RAY:6d33552bab04919f-SIN
INFO	2022-01-26 01:48:29,857	1388	FtxWebSocketTest	[WebSocketConnectReadThread-13]	Connection:upgrade
INFO	2022-01-26 01:48:29,857	1388	FtxWebSocketTest	[WebSocketConnectReadThread-13]	Date:Tue, 25 Jan 2022 17:48:29 GMT
INFO	2022-01-26 01:48:29,857	1388	FtxWebSocketTest	[WebSocketConnectReadThread-13]	Expect-CT:max-age=604800, report-uri="https://report-uri.cloudflare.com/cdn-cgi/beacon/expect-ct"
INFO	2022-01-26 01:48:29,857	1388	FtxWebSocketTest	[WebSocketConnectReadThread-13]	Sec-WebSocket-Accept:IyXZcbGQ3Ocgo9SHEb2r8KqX8qg=
INFO	2022-01-26 01:48:29,857	1388	FtxWebSocketTest	[WebSocketConnectReadThread-13]	Server:cloudflare
INFO	2022-01-26 01:48:29,857	1388	FtxWebSocketTest	[WebSocketConnectReadThread-13]	Strict-Transport-Security:max-age=31536000; includeSubDomains; preload
INFO	2022-01-26 01:48:29,857	1388	FtxWebSocketTest	[WebSocketConnectReadThread-13]	Upgrade:websocket
INFO	2022-01-26 01:48:29,857	1388	FtxWebSocketTest	[WebSocketConnectReadThread-13]	X-Content-Type-Options:nosniff
INFO	2022-01-26 01:48:29,857	1388	FtxWebSocketTest	[WebSocketConnectReadThread-13]	onOpen : Connection is opened
INFO	2022-01-26 01:48:30,516	2047	FtxWebSocketTest	[main]	Connection is OPEN
INFO	2022-01-26 01:48:30,751	2282	FtxWebSocketTest	[WebSocketConnectReadThread-13]	onMessage : received {"type": "subscribed", "channel": "trades", "market": "BTC-PERP"}
INFO	2022-01-26 01:48:31,543	3074	FtxWebSocketTest	[WebSocketConnectReadThread-13]	onMessage : received {"channel": "trades", "market": "BTC-PERP", "type": "update", "data": [{"id": 3202197246, "price": 37210.0, "size": 0.2276, "side": "sell", "liquidation": false, "time": "2022-01-25T17:48:31.449621+00:00"}, {"id": 3202197247, "price": 37210.0, "size": 0.0135, "side": "sell", "liquidation": false, "time": "2022-01-25T17:48:31.451000+00:00"}, {"id": 3202197248, "price": 37210.0, "size": 0.0274, "side": "sell", "liquidation": false, "time": "2022-01-25T17:48:31.451329+00:00"}, {"id": 3202197249, "price": 37209.0, "size": 0.025, "side": "sell", "liquidation": false, "time": "2022-01-25T17:48:31.451329+00:00"}, {"id": 3202197250, "price": 37208.0, "size": 0.3763, "side": "sell", "liquidation": false, "time": "2022-01-25T17:48:31.451329+00:00"}, {"id": 3202197251, "price": 37208.0, "size": 0.025, "side": "sell", "liquidation": false, "time": "2022-01-25T17:48:31.451329+00:00"}, {"id": 3202197252, "price": 37206.0, "size": 0.0032, "side": "sell", "liquidation": false, "time": "2022-01-25T17:48:31.455920+00:00"}, {"id": 3202197253, "price": 37204.0, "size": 0.01, "side": "sell", "liquidation": false, "time": "2022-01-25T17:48:31.455920+00:00"}, {"id": 3202197254, "price": 37203.0, "size": 0.025, "side": "sell", "liquidation": false, "time": "2022-01-25T17:48:31.455920+00:00"}, {"id": 3202197255, "price": 37202.0, "size": 0.01, "side": "sell", "liquidation": false, "time": "2022-01-25T17:48:31.455920+00:00"}, {"id": 3202197256, "price": 37201.0, "size": 0.1, "side": "sell", "liquidation": false, "time": "2022-01-25T17:48:31.455920+00:00"}, {"id": 3202197257, "price": 37201.0, "size": 0.1194, "side": "sell", "liquidation": false, "time": "2022-01-25T17:48:31.455920+00:00"}, {"id": 3202197258, "price": 37200.0, "size": 0.003, "side": "sell", "liquidation": false, "time": "2022-01-25T17:48:31.455920+00:00"}, {"id": 3202197259, "price": 37200.0, "size": 0.01, "side": "sell", "liquidation": false, "time": "2022-01-25T17:48:31.455920+00:00"}, {"id": 3202197260, "price": 37200.0, "size": 0.7026, "side": "sell", "liquidation": false, "time": "2022-01-25T17:48:31.455920+00:00"}, {"id": 3202197261, "price": 37199.0, "size": 0.0983, "side": "sell", "liquidation": false, "time": "2022-01-25T17:48:31.455920+00:00"}, {"id": 3202197262, "price": 37198.0, "size": 0.0483, "side": "sell", "liquidation": false, "time": "2022-01-25T17:48:31.455920+00:00"}, {"id": 3202197263, "price": 37198.0, "size": 0.01, "side": "sell", "liquidation": false, "time": "2022-01-25T17:48:31.455920+00:00"}, {"id": 3202197264, "price": 37198.0, "size": 0.0125, "side": "sell", "liquidation": false, "time": "2022-01-25T17:48:31.455920+00:00"}, {"id": 3202197265, "price": 37198.0, "size": 0.025, "side": "sell", "liquidation": false, "time": "2022-01-25T17:48:31.455920+00:00"}, {"id": 3202197266, "price": 37196.0, "size": 0.01, "side": "sell", "liquidation": false, "time": "2022-01-25T17:48:31.455920+00:00"}, {"id": 3202197267, "price": 37195.0, "size": 0.0273, "side": "sell", "liquidation": false, "time": "2022-01-25T17:48:31.455920+00:00"}, {"id": 3202197268, "price": 37195.0, "size": 0.005, "side": "sell", "liquidation": false, "time": "2022-01-25T17:48:31.455920+00:00"}, {"id": 3202197269, "price": 37195.0, "size": 1.0, "side": "sell", "liquidation": false, "time": "2022-01-25T17:48:31.455920+00:00"}, {"id": 3202197270, "price": 37194.0, "size": 0.01, "side": "sell", "liquidation": false, "time": "2022-01-25T17:48:31.455920+00:00"}, {"id": 3202197271, "price": 37194.0, "size": 0.9038, "side": "sell", "liquidation": false, "time": "2022-01-25T17:48:31.455920+00:00"}, {"id": 3202197272, "price": 37194.0, "size": 0.9532, "side": "sell", "liquidation": false, "time": "2022-01-25T17:48:31.455920+00:00"}, {"id": 3202197273, "price": 37193.0, "size": 0.9134, "side": "sell", "liquidation": false, "time": "2022-01-25T17:48:31.455920+00:00"}]}
INFO	2022-01-26 01:48:31,740	3271	FtxWebSocketTest	[WebSocketConnectReadThread-13]	onMessage : received {"channel": "trades", "market": "BTC-PERP", "type": "update", "data": [{"id": 3202197375, "price": 37193.0, "size": 0.0558, "side": "sell", "liquidation": false, "time": "2022-01-25T17:48:31.643821+00:00"}, {"id": 3202197376, "price": 37193.0, "size": 0.09, "side": "sell", "liquidation": false, "time": "2022-01-25T17:48:31.651398+00:00"}, {"id": 3202197377, "price": 37197.0, "size": 0.001, "side": "sell", "liquidation": false, "time": "2022-01-25T17:48:31.654007+00:00"}, {"id": 3202197378, "price": 37193.0, "size": 0.9408, "side": "sell", "liquidation": false, "time": "2022-01-25T17:48:31.654007+00:00"}, {"id": 3202197379, "price": 37193.0, "size": 0.0067, "side": "sell", "liquidation": false, "time": "2022-01-25T17:48:31.654007+00:00"}, {"id": 3202197380, "price": 37193.0, "size": 0.0375, "side": "sell", "liquidation": false, "time": "2022-01-25T17:48:31.654007+00:00"}, {"id": 3202197381, "price": 37192.0, "size": 0.01, "side": "sell", "liquidation": false, "time": "2022-01-25T17:48:31.654007+00:00"}, {"id": 3202197382, "price": 37191.0, "size": 0.004, "side": "sell", "liquidation": false, "time": "2022-01-25T17:48:31.654007+00:00"}, {"id": 3202197383, "price": 37191.0, "size": 0.0134, "side": "sell", "liquidation": false, "time": "2022-01-25T17:48:31.657719+00:00"}]}
INFO	2022-01-26 01:48:32,026	3557	FtxWebSocketTest	[WebSocketConnectReadThread-13]	onMessage : received {"channel": "trades", "market": "BTC-PERP", "type": "update", "data": [{"id": 3202197459, "price": 37194.0, "size": 0.0199, "side": "buy", "liquidation": false, "time": "2022-01-25T17:48:32.008820+00:00"}]}
INFO	2022-01-26 01:48:32,212	3743	FtxWebSocketTest	[WebSocketConnectReadThread-13]	onMessage : received {"channel": "trades", "market": "BTC-PERP", "type": "update", "data": [{"id": 3202197489, "price": 37194.0, "size": 0.2185, "side": "buy", "liquidation": false, "time": "2022-01-25T17:48:32.191992+00:00"}, {"id": 3202197490, "price": 37194.0, "size": 0.0394, "side": "buy", "liquidation": false, "time": "2022-01-25T17:48:32.192870+00:00"}, {"id": 3202197491, "price": 37194.0, "size": 0.19, "side": "buy", "liquidation": false, "time": "2022-01-25T17:48:32.192870+00:00"}, {"id": 3202197492, "price": 37194.0, "size": 0.0167, "side": "buy", "liquidation": false, "time": "2022-01-25T17:48:32.192870+00:00"}]}
INFO	2022-01-26 01:48:32,333	3864	FtxWebSocketTest	[WebSocketConnectReadThread-13]	onMessage : received {"channel": "trades", "market": "BTC-PERP", "type": "update", "data": [{"id": 3202197517, "price": 37198.0, "size": 0.001, "side": "sell", "liquidation": false, "time": "2022-01-25T17:48:32.322853+00:00"}]}
INFO	2022-01-26 01:48:32,410	3941	FtxWebSocketTest	[WebSocketConnectReadThread-13]	onMessage : received {"channel": "trades", "market": "BTC-PERP", "type": "update", "data": [{"id": 3202197522, "price": 37201.0, "size": 0.244, "side": "sell", "liquidation": false, "time": "2022-01-25T17:48:32.395073+00:00"}, {"id": 3202197523, "price": 37195.0, "size": 0.021, "side": "sell", "liquidation": false, "time": "2022-01-25T17:48:32.395073+00:00"}, {"id": 3202197524, "price": 37195.0, "size": 0.2, "side": "sell", "liquidation": false, "time": "2022-01-25T17:48:32.395073+00:00"}, {"id": 3202197525, "price": 37194.0, "size": 0.0043, "side": "sell", "liquidation": false, "time": "2022-01-25T17:48:32.395073+00:00"}]}
INFO	2022-01-26 01:48:32,469	4000	FtxWebSocketTest	[WebSocketConnectReadThread-13]	onMessage : received {"channel": "trades", "market": "BTC-PERP", "type": "update", "data": [{"id": 3202197539, "price": 37193.0, "size": 0.0116, "side": "sell", "liquidation": false, "time": "2022-01-25T17:48:32.456656+00:00"}]}
INFO	2022-01-26 01:48:32,544	4075	FtxWebSocketTest	[WebSocketConnectReadThread-13]	onMessage : received {"channel": "trades", "market": "BTC-PERP", "type": "update", "data": [{"id": 3202197563, "price": 37194.0, "size": 0.0675, "side": "buy", "liquidation": false, "time": "2022-01-25T17:48:32.530185+00:00"}]}
INFO	2022-01-26 01:48:32,595	4126	FtxWebSocketTest	[WebSocketConnectReadThread-13]	onMessage : received {"channel": "trades", "market": "BTC-PERP", "type": "update", "data": [{"id": 3202197567, "price": 37193.0, "size": 0.0152, "side": "sell", "liquidation": false, "time": "2022-01-25T17:48:32.586535+00:00"}, {"id": 3202197568, "price": 37193.0, "size": 0.0019, "side": "sell", "liquidation": false, "time": "2022-01-25T17:48:32.586535+00:00"}]}
INFO	2022-01-26 01:48:32,676	4207	FtxWebSocketTest	[WebSocketConnectReadThread-13]	onMessage : received {"channel": "trades", "market": "BTC-PERP", "type": "update", "data": [{"id": 3202197573, "price": 37194.0, "size": 0.04, "side": "buy", "liquidation": false, "time": "2022-01-25T17:48:32.658676+00:00"}]}
INFO	2022-01-26 01:48:32,848	4379	FtxWebSocketTest	[WebSocketConnectReadThread-13]	onMessage : received {"channel": "trades", "market": "BTC-PERP", "type": "update", "data": [{"id": 3202197613, "price": 37196.0, "size": 0.0269, "side": "sell", "liquidation": false, "time": "2022-01-25T17:48:32.828217+00:00"}]}
INFO	2022-01-26 01:48:32,988	4519	FtxWebSocketTest	[WebSocketConnectReadThread-13]	onMessage : received {"channel": "trades", "market": "BTC-PERP", "type": "update", "data": [{"id": 3202197660, "price": 37194.0, "size": 0.0138, "side": "sell", "liquidation": false, "time": "2022-01-25T17:48:32.950447+00:00"}]}
INFO	2022-01-26 01:48:33,065	4596	FtxWebSocketTest	[WebSocketConnectReadThread-13]	onMessage : received {"channel": "trades", "market": "BTC-PERP", "type": "update", "data": [{"id": 3202197675, "price": 37195.0, "size": 0.26, "side": "buy", "liquidation": false, "time": "2022-01-25T17:48:33.030072+00:00"}, {"id": 3202197676, "price": 37195.0, "size": 0.1084, "side": "buy", "liquidation": false, "time": "2022-01-25T17:48:33.030072+00:00"}, {"id": 3202197677, "price": 37195.0, "size": 0.2719, "side": "buy", "liquidation": false, "time": "2022-01-25T17:48:33.030072+00:00"}, {"id": 3202197678, "price": 37194.0, "size": 0.01, "side": "sell", "liquidation": false, "time": "2022-01-25T17:48:33.033758+00:00"}]}
INFO	2022-01-26 01:48:33,589	5120	FtxWebSocketTest	[WebSocketConnectReadThread-13]	onMessage : received {"channel": "trades", "market": "BTC-PERP", "type": "update", "data": [{"id": 3202197781, "price": 37193.0, "size": 0.056, "side": "sell", "liquidation": false, "time": "2022-01-25T17:48:33.474540+00:00"}]}
INFO	2022-01-26 01:48:33,591	5122	FtxWebSocketTest	[WebSocketConnectReadThread-13]	onMessage : received {"channel": "trades", "market": "BTC-PERP", "type": "update", "data": [{"id": 3202197791, "price": 37194.0, "size": 0.1228, "side": "buy", "liquidation": false, "time": "2022-01-25T17:48:33.524469+00:00"}]}
INFO	2022-01-26 01:48:33,649	5180	FtxWebSocketTest	[WebSocketConnectReadThread-13]	onMessage : received {"channel": "trades", "market": "BTC-PERP", "type": "update", "data": [{"id": 3202197801, "price": 37194.0, "size": 0.0672, "side": "buy", "liquidation": false, "time": "2022-01-25T17:48:33.633373+00:00"}, {"id": 3202197802, "price": 37194.0, "size": 0.2328, "side": "buy", "liquidation": false, "time": "2022-01-25T17:48:33.633373+00:00"}]}
INFO	2022-01-26 01:48:33,889	5420	FtxWebSocketTest	[WebSocketConnectReadThread-13]	onMessage : received {"channel": "trades", "market": "BTC-PERP", "type": "update", "data": [{"id": 3202197837, "price": 37193.0, "size": 0.0228, "side": "sell", "liquidation": false, "time": "2022-01-25T17:48:33.846741+00:00"}, {"id": 3202197838, "price": 37193.0, "size": 0.1205, "side": "sell", "liquidation": false, "time": "2022-01-25T17:48:33.846741+00:00"}]}
INFO	2022-01-26 01:48:33,957	5488	FtxWebSocketTest	[WebSocketConnectReadThread-13]	onMessage : received {"channel": "trades", "market": "BTC-PERP", "type": "update", "data": [{"id": 3202197867, "price": 37189.0, "size": 0.0335, "side": "sell", "liquidation": false, "time": "2022-01-25T17:48:33.919965+00:00"}]}
INFO	2022-01-26 01:48:34,097	5628	FtxWebSocketTest	[WebSocketConnectReadThread-13]	onMessage : received {"channel": "trades", "market": "BTC-PERP", "type": "update", "data": [{"id": 3202197933, "price": 37189.0, "size": 0.1391, "side": "sell", "liquidation": false, "time": "2022-01-25T17:48:34.023992+00:00"}, {"id": 3202197934, "price": 37189.0, "size": 0.05, "side": "buy", "liquidation": false, "time": "2022-01-25T17:48:34.028932+00:00"}, {"id": 3202197935, "price": 37187.0, "size": 0.0484, "side": "sell", "liquidation": false, "time": "2022-01-25T17:48:34.031048+00:00"}, {"id": 3202197936, "price": 37186.0, "size": 0.2, "side": "sell", "liquidation": false, "time": "2022-01-25T17:48:34.031048+00:00"}, {"id": 3202197937, "price": 37189.0, "size": 0.14, "side": "buy", "liquidation": false, "time": "2022-01-25T17:48:34.037734+00:00"}, {"id": 3202197938, "price": 37189.0, "size": 0.048, "side": "buy", "liquidation": false, "time": "2022-01-25T17:48:34.037734+00:00"}]}
INFO	2022-01-26 01:48:34,405	5936	FtxWebSocketTest	[WebSocketConnectReadThread-13]	onMessage : received {"channel": "trades", "market": "BTC-PERP", "type": "update", "data": [{"id": 3202198150, "price": 37184.0, "size": 0.3765, "side": "sell", "liquidation": false, "time": "2022-01-25T17:48:34.226543+00:00"}, {"id": 3202198151, "price": 37184.0, "size": 0.025, "side": "sell", "liquidation": false, "time": "2022-01-25T17:48:34.226543+00:00"}, {"id": 3202198152, "price": 37183.0, "size": 0.0375, "side": "sell", "liquidation": false, "time": "2022-01-25T17:48:34.227920+00:00"}, {"id": 3202198153, "price": 37182.0, "size": 0.01, "side": "sell", "liquidation": false, "time": "2022-01-25T17:48:34.227920+00:00"}, {"id": 3202198154, "price": 37182.0, "size": 0.0375, "side": "sell", "liquidation": false, "time": "2022-01-25T17:48:34.227920+00:00"}, {"id": 3202198155, "price": 37181.0, "size": 0.0117, "side": "sell", "liquidation": false, "time": "2022-01-25T17:48:34.227920+00:00"}, {"id": 3202198156, "price": 37181.0, "size": 0.3922, "side": "sell", "liquidation": false, "time": "2022-01-25T17:48:34.227920+00:00"}, {"id": 3202198157, "price": 37181.0, "size": 0.0125, "side": "sell", "liquidation": false, "time": "2022-01-25T17:48:34.231409+00:00"}, {"id": 3202198158, "price": 37181.0, "size": 0.5953, "side": "sell", "liquidation": false, "time": "2022-01-25T17:48:34.235548+00:00"}, {"id": 3202198159, "price": 37180.0, "size": 0.001, "side": "sell", "liquidation": false, "time": "2022-01-25T17:48:34.239449+00:00"}, {"id": 3202198160, "price": 37180.0, "size": 0.003, "side": "sell", "liquidation": false, "time": "2022-01-25T17:48:34.239449+00:00"}, {"id": 3202198161, "price": 37180.0, "size": 0.0983, "side": "sell", "liquidation": false, "time": "2022-01-25T17:48:34.239449+00:00"}, {"id": 3202198162, "price": 37180.0, "size": 0.025, "side": "sell", "liquidation": false, "time": "2022-01-25T17:48:34.239449+00:00"}, {"id": 3202198163, "price": 37179.0, "size": 0.0125, "side": "sell", "liquidation": false, "time": "2022-01-25T17:48:34.239449+00:00"}, {"id": 3202198164, "price": 37179.0, "size": 0.1, "side": "sell", "liquidation": false, "time": "2022-01-25T17:48:34.239449+00:00"}, {"id": 3202198165, "price": 37178.0, "size": 0.025, "side": "sell", "liquidation": false, "time": "2022-01-25T17:48:34.239449+00:00"}, {"id": 3202198166, "price": 37178.0, "size": 0.0315, "side": "sell", "liquidation": false, "time": "2022-01-25T17:48:34.239449+00:00"}, {"id": 3202198167, "price": 37178.0, "size": 0.005, "side": "sell", "liquidation": false, "time": "2022-01-25T17:48:34.239449+00:00"}, {"id": 3202198168, "price": 37176.0, "size": 0.02, "side": "sell", "liquidation": false, "time": "2022-01-25T17:48:34.250339+00:00"}, {"id": 3202198169, "price": 37176.0, "size": 0.01, "side": "sell", "liquidation": false, "time": "2022-01-25T17:48:34.250339+00:00"}, {"id": 3202198170, "price": 37176.0, "size": 0.15, "side": "sell", "liquidation": false, "time": "2022-01-25T17:48:34.250339+00:00"}]}
INFO	2022-01-26 01:48:34,522	6053	FtxWebSocketTest	[WebSocketConnectReadThread-13]	onMessage : received {"channel": "trades", "market": "BTC-PERP", "type": "update", "data": [{"id": 3202198299, "price": 37176.0, "size": 0.19, "side": "sell", "liquidation": false, "time": "2022-01-25T17:48:34.453626+00:00"}]}
INFO	2022-01-26 01:48:34,706	6237	FtxWebSocketTest	[WebSocketConnectReadThread-13]	onMessage : received {"channel": "trades", "market": "BTC-PERP", "type": "update", "data": [{"id": 3202198409, "price": 37174.0, "size": 0.018, "side": "sell", "liquidation": false, "time": "2022-01-25T17:48:34.634246+00:00"}, {"id": 3202198410, "price": 37174.0, "size": 0.007, "side": "sell", "liquidation": false, "time": "2022-01-25T17:48:34.640317+00:00"}, {"id": 3202198411, "price": 37174.0, "size": 0.013, "side": "sell", "liquidation": false, "time": "2022-01-25T17:48:34.640317+00:00"}, {"id": 3202198412, "price": 37174.0, "size": 0.0245, "side": "sell", "liquidation": false, "time": "2022-01-25T17:48:34.641599+00:00"}, {"id": 3202198413, "price": 37172.0, "size": 0.0218, "side": "sell", "liquidation": false, "time": "2022-01-25T17:48:34.641599+00:00"}]}
INFO	2022-01-26 01:48:35,220	6751	FtxWebSocketTest	[WebSocketConnectReadThread-13]	onMessage : received {"channel": "trades", "market": "BTC-PERP", "type": "update", "data": [{"id": 3202198537, "price": 37173.0, "size": 0.021, "side": "buy", "liquidation": false, "time": "2022-01-25T17:48:35.110301+00:00"}, {"id": 3202198538, "price": 37173.0, "size": 0.0059, "side": "buy", "liquidation": false, "time": "2022-01-25T17:48:35.110301+00:00"}]}
INFO	2022-01-26 01:48:35,223	6754	FtxWebSocketTest	[WebSocketConnectReadThread-13]	onMessage : received {"channel": "trades", "market": "BTC-PERP", "type": "update", "data": [{"id": 3202198557, "price": 37173.0, "size": 0.1105, "side": "buy", "liquidation": false, "time": "2022-01-25T17:48:35.169473+00:00"}, {"id": 3202198558, "price": 37173.0, "size": 0.0436, "side": "buy", "liquidation": false, "time": "2022-01-25T17:48:35.171306+00:00"}, {"id": 3202198559, "price": 37173.0, "size": 0.0025, "side": "buy", "liquidation": false, "time": "2022-01-25T17:48:35.171306+00:00"}, {"id": 3202198560, "price": 37173.0, "size": 0.1766, "side": "buy", "liquidation": false, "time": "2022-01-25T17:48:35.171306+00:00"}, {"id": 3202198561, "price": 37173.0, "size": 0.1344, "side": "buy", "liquidation": false, "time": "2022-01-25T17:48:35.171306+00:00"}, {"id": 3202198562, "price": 37173.0, "size": 0.0141, "side": "buy", "liquidation": false, "time": "2022-01-25T17:48:35.171306+00:00"}, {"id": 3202198563, "price": 37173.0, "size": 0.5972, "side": "buy", "liquidation": false, "time": "2022-01-25T17:48:35.171306+00:00"}, {"id": 3202198564, "price": 37173.0, "size": 0.01, "side": "buy", "liquidation": false, "time": "2022-01-25T17:48:35.171306+00:00"}]}
INFO	2022-01-26 01:48:35,323	6854	FtxWebSocketTest	[WebSocketConnectReadThread-13]	onMessage : received {"channel": "trades", "market": "BTC-PERP", "type": "update", "data": [{"id": 3202198631, "price": 37175.0, "size": 0.0138, "side": "buy", "liquidation": false, "time": "2022-01-25T17:48:35.284755+00:00"}, {"id": 3202198632, "price": 37175.0, "size": 0.1077, "side": "buy", "liquidation": false, "time": "2022-01-25T17:48:35.284755+00:00"}, {"id": 3202198633, "price": 37175.0, "size": 0.003, "side": "buy", "liquidation": false, "time": "2022-01-25T17:48:35.284755+00:00"}, {"id": 3202198634, "price": 37175.0, "size": 0.0174, "side": "buy", "liquidation": false, "time": "2022-01-25T17:48:35.284755+00:00"}, {"id": 3202198635, "price": 37175.0, "size": 0.1707, "side": "buy", "liquidation": false, "time": "2022-01-25T17:48:35.289526+00:00"}]}
INFO	2022-01-26 01:48:35,384	6915	FtxWebSocketTest	[WebSocketConnectReadThread-13]	onMessage : received {"channel": "trades", "market": "BTC-PERP", "type": "update", "data": [{"id": 3202198650, "price": 37177.0, "size": 0.0025, "side": "buy", "liquidation": false, "time": "2022-01-25T17:48:35.369375+00:00"}, {"id": 3202198651, "price": 37178.0, "size": 0.01, "side": "buy", "liquidation": false, "time": "2022-01-25T17:48:35.369375+00:00"}]}
INFO	2022-01-26 01:48:35,547	7078	FtxWebSocketTest	[WebSocketConnectReadThread-13]	onMessage : received {"channel": "trades", "market": "BTC-PERP", "type": "update", "data": [{"id": 3202198701, "price": 37180.0, "size": 0.1884, "side": "buy", "liquidation": false, "time": "2022-01-25T17:48:35.532835+00:00"}]}
INFO	2022-01-26 01:48:35,679	7210	FtxWebSocketTest	[WebSocketConnectReadThread-13]	onClosed : Connection closed by us 1000|
