INFO	2022-01-26 01:26:52,902	0	FtxWebSocketTest	[main]	BeforeClass : setup
INFO	2022-01-26 01:26:54,948	2046	FtxWebSocketTest	[main]	Connection is OPEN
INFO	2022-01-26 01:47:07,969	0	FtxWebSocketTest	[main]	BeforeClass : setup
INFO	2022-01-26 01:47:10,032	2063	FtxWebSocketTest	[main]	Connection is OPEN
INFO	2022-01-26 01:48:28,469	0	FtxWebSocketTest	[main]	BeforeClass : setup
INFO	2022-01-26 01:48:29,856	1387	FtxWebSocketTest	[WebSocketConnectReadThread-13]	alt-svc:h3=":443"; ma=86400, h3-29=":443"; ma=86400
INFO	2022-01-26 01:48:29,857	1388	FtxWebSocketTest	[WebSocketConnectReadThread-13]	CF-Cache-Status:DYNAMIC
INFO	2022-01-26 01:48:29,857	1388	FtxWebSocketTest	[WebSocketConnectReadThread-13]	CF-RAY:6d33552bab04919f-SIN
INFO	2022-01-26 01:48:29,857	1388	FtxWebSocketTest	[WebSocketConnectReadThread-13]	Connection:upgrade
INFO	2022-01-26 01:48:29,857	1388	FtxWebSocketTest	[WebSocketConnectReadThread-13]	Date:Tue, 25 Jan 2022 17:48:29 GMT
INFO	2022-01-26 01:48:29,857	1388	FtxWebSocketTest	[WebSocketConnectReadThread-13]	Expect-CT:max-age=604800, report-uri="https://report-uri.cloudflare.com/cdn-cgi/beacon/expect-ct"
INFO	2022-01-26 01:48:29,857	1388	FtxWebSocketTest	[WebSocketConnectReadThread-13]	Sec-WebSocket-Accept:IyXZcbGQ3Ocgo9SHEb2r8KqX8qg=
INFO	2022-01-26 01:48:29,857	1388	FtxWebSocketTest	[WebSocketConnectReadThread-13]	Server:cloudflare
INFO	2022-01-26 01:48:29,857	1388	FtxWebSocketTest	[WebSocketConnectReadThread-13]	Strict-Transport-Security:max-age=31536000; includeSubDomains; preload
INFO	2022-01-26 01:48:29,857	1388	FtxWebSocketTest	[WebSocketConnectReadThread-13]	Upgrade:websocket
INFO	2022-01-26 01:48:29,857	1388	FtxWebSocketTest	[WebSocketConnectReadThread-13]	X-Content-Type-Options:nosniff
INFO	2022-01-26 01:48:29,857	1388	FtxWebSocketTest	[WebSocketConnectReadThread-13]	onOpen : Connection is opened
INFO	2022-01-26 01:48:30,516	2047	FtxWebSocketTest	[main]	Connection is OPEN
INFO	2022-01-26 01:48:30,751	2282	FtxWebSocketTest	[WebSocketConnectReadThread-13]	onMessage : received {"type": "subscribed", "channel": "trades", "market": "BTC-PERP"}
INFO	2022-01-26 01:48:31,543	3074	FtxWebSocketTest	[WebSocketConnectReadThread-13]	onMessage : received {"channel": "trades", "market": "BTC-PERP", "type": "update", "data": [{"id": 3202197246, "price": 37210.0, "size": 0.2276, "side": "sell", "liquidation": false, "time": "2022-01-25T17:48:31.449621+00:00"}, {"id": 3202197247, "price": 37210.0, "size": 0.0135, "side": "sell", "liquidation": false, "time": "2022-01-25T17:48:31.451000+00:00"}, {"id": 3202197248, "price": 37210.0, "size": 0.0274, "side": "sell", "liquidation": false, "time": "2022-01-25T17:48:31.451329+00:00"}, {"id": 3202197249, "price": 37209.0, "size": 0.025, "side": "sell", "liquidation": false, "time": "2022-01-25T17:48:31.451329+00:00"}, {"id": 3202197250, "price": 37208.0, "size": 0.3763, "side": "sell", "liquidation": false, "time": "2022-01-25T17:48:31.451329+00:00"}, {"id": 3202197251, "price": 37208.0, "size": 0.025, "side": "sell", "liquidation": false, "time": "2022-01-25T17:48:31.451329+00:00"}, {"id": 3202197252, "price": 37206.0, "size": 0.0032, "side": "sell", "liquidation": false, "time": "2022-01-25T17:48:31.455920+00:00"}, {"id": 3202197253, "price": 37204.0, "size": 0.01, "side": "sell", "liquidation": false, "time": "2022-01-25T17:48:31.455920+00:00"}, {"id": 3202197254, "price": 37203.0, "size": 0.025, "side": "sell", "liquidation": false, "time": "2022-01-25T17:48:31.455920+00:00"}, {"id": 3202197255, "price": 37202.0, "size": 0.01, "side": "sell", "liquidation": false, "time": "2022-01-25T17:48:31.455920+00:00"}, {"id": 3202197256, "price": 37201.0, "size": 0.1, "side": "sell", "liquidation": false, "time": "2022-01-25T17:48:31.455920+00:00"}, {"id": 3202197257, "price": 37201.0, "size": 0.1194, "side": "sell", "liquidation": false, "time": "2022-01-25T17:48:31.455920+00:00"}, {"id": 3202197258, "price": 37200.0, "size": 0.003, "side": "sell", "liquidation": false, "time": "2022-01-25T17:48:31.455920+00:00"}, {"id": 3202197259, "price": 37200.0, "size": 0.01, "side": "sell", "liquidation": false, "time": "2022-01-25T17:48:31.455920+00:00"}, {"id": 3202197260, "price": 37200.0, "size": 0.7026, "side": "sell", "liquidation": false, "time": "2022-01-25T17:48:31.455920+00:00"}, {"id": 3202197261, "price": 37199.0, "size": 0.0983, "side": "sell", "liquidation": false, "time": "2022-01-25T17:48:31.455920+00:00"}, {"id": 3202197262, "price": 37198.0, "size": 0.0483, "side": "sell", "liquidation": false, "time": "2022-01-25T17:48:31.455920+00:00"}, {"id": 3202197263, "price": 37198.0, "size": 0.01, "side": "sell", "liquidation": false, "time": "2022-01-25T17:48:31.455920+00:00"}, {"id": 3202197264, "price": 37198.0, "size": 0.0125, "side": "sell", "liquidation": false, "time": "2022-01-25T17:48:31.455920+00:00"}, {"id": 3202197265, "price": 37198.0, "size": 0.025, "side": "sell", "liquidation": false, "time": "2022-01-25T17:48:31.455920+00:00"}, {"id": 3202197266, "price": 37196.0, "size": 0.01, "side": "sell", "liquidation": false, "time": "2022-01-25T17:48:31.455920+00:00"}, {"id": 3202197267, "price": 37195.0, "size": 0.0273, "side": "sell", "liquidation": false, "time": "2022-01-25T17:48:31.455920+00:00"}, {"id": 3202197268, "price": 37195.0, "size": 0.005, "side": "sell", "liquidation": false, "time": "2022-01-25T17:48:31.455920+00:00"}, {"id": 3202197269, "price": 37195.0, "size": 1.0, "side": "sell", "liquidation": false, "time": "2022-01-25T17:48:31.455920+00:00"}, {"id": 3202197270, "price": 37194.0, "size": 0.01, "side": "sell", "liquidation": false, "time": "2022-01-25T17:48:31.455920+00:00"}, {"id": 3202197271, "price": 37194.0, "size": 0.9038, "side": "sell", "liquidation": false, "time": "2022-01-25T17:48:31.455920+00:00"}, {"id": 3202197272, "price": 37194.0, "size": 0.9532, "side": "sell", "liquidation": false, "time": "2022-01-25T17:48:31.455920+00:00"}, {"id": 3202197273, "price": 37193.0, "size": 0.9134, "side": "sell", "liquidation": false, "time": "2022-01-25T17:48:31.455920+00:00"}]}
INFO	2022-01-26 01:48:31,740	3271	FtxWebSocketTest	[WebSocketConnectReadThread-13]	onMessage : received {"channel": "trades", "market": "BTC-PERP", "type": "update", "data": [{"id": 3202197375, "price": 37193.0, "size": 0.0558, "side": "sell", "liquidation": false, "time": "2022-01-25T17:48:31.643821+00:00"}, {"id": 3202197376, "price": 37193.0, "size": 0.09, "side": "sell", "liquidation": false, "time": "2022-01-25T17:48:31.651398+00:00"}, {"id": 3202197377, "price": 37197.0, "size": 0.001, "side": "sell", "liquidation": false, "time": "2022-01-25T17:48:31.654007+00:00"}, {"id": 3202197378, "price": 37193.0, "size": 0.9408, "side": "sell", "liquidation": false, "time": "2022-01-25T17:48:31.654007+00:00"}, {"id": 3202197379, "price": 37193.0, "size": 0.0067, "side": "sell", "liquidation": false, "time": "2022-01-25T17:48:31.654007+00:00"}, {"id": 3202197380, "price": 37193.0, "size": 0.0375, "side": "sell", "liquidation": false, "time": "2022-01-25T17:48:31.654007+00:00"}, {"id": 3202197381, "price": 37192.0, "size": 0.01, "side": "sell", "liquidation": false, "time": "2022-01-25T17:48:31.654007+00:00"}, {"id": 3202197382, "price": 37191.0, "size": 0.004, "side": "sell", "liquidation": false, "time": "2022-01-25T17:48:31.654007+00:00"}, {"id": 3202197383, "price": 37191.0, "size": 0.0134, "side": "sell", "liquidation": false, "time": "2022-01-25T17:48:31.657719+00:00"}]}
INFO	2022-01-26 01:48:32,026	3557	FtxWebSocketTest	[WebSocketConnectReadThread-13]	onMessage : received {"channel": "trades", "market": "BTC-PERP", "type": "update", "data": [{"id": 3202197459, "price": 37194.0, "size": 0.0199, "side": "buy", "liquidation": false, "time": "2022-01-25T17:48:32.008820+00:00"}]}
INFO	2022-01-26 01:48:32,212	3743	FtxWebSocketTest	[WebSocketConnectReadThread-13]	onMessage : received {"channel": "trades", "market": "BTC-PERP", "type": "update", "data": [{"id": 3202197489, "price": 37194.0, "size": 0.2185, "side": "buy", "liquidation": false, "time": "2022-01-25T17:48:32.191992+00:00"}, {"id": 3202197490, "price": 37194.0, "size": 0.0394, "side": "buy", "liquidation": false, "time": "2022-01-25T17:48:32.192870+00:00"}, {"id": 3202197491, "price": 37194.0, "size": 0.19, "side": "buy", "liquidation": false, "time": "2022-01-25T17:48:32.192870+00:00"}, {"id": 3202197492, "price": 37194.0, "size": 0.0167, "side": "buy", "liquidation": false, "time": "2022-01-25T17:48:32.192870+00:00"}]}
INFO	2022-01-26 01:48:32,333	3864	FtxWebSocketTest	[WebSocketConnectReadThread-13]	onMessage : received {"channel": "trades", "market": "BTC-PERP", "type": "update", "data": [{"id": 3202197517, "price": 37198.0, "size": 0.001, "side": "sell", "liquidation": false, "time": "2022-01-25T17:48:32.322853+00:00"}]}
INFO	2022-01-26 01:48:32,410	3941	FtxWebSocketTest	[WebSocketConnectReadThread-13]	onMessage : received {"channel": "trades", "market": "BTC-PERP", "type": "update", "data": [{"id": 3202197522, "price": 37201.0, "size": 0.244, "side": "sell", "liquidation": false, "time": "2022-01-25T17:48:32.395073+00:00"}, {"id": 3202197523, "price": 37195.0, "size": 0.021, "side": "sell", "liquidation": false, "time": "2022-01-25T17:48:32.395073+00:00"}, {"id": 3202197524, "price": 37195.0, "size": 0.2, "side": "sell", "liquidation": false, "time": "2022-01-25T17:48:32.395073+00:00"}, {"id": 3202197525, "price": 37194.0, "size": 0.0043, "side": "sell", "liquidation": false, "time": "2022-01-25T17:48:32.395073+00:00"}]}
INFO	2022-01-26 01:48:32,469	4000	FtxWebSocketTest	[WebSocketConnectReadThread-13]	onMessage : received {"channel": "trades", "market": "BTC-PERP", "type": "update", "data": [{"id": 3202197539, "price": 37193.0, "size": 0.0116, "side": "sell", "liquidation": false, "time": "2022-01-25T17:48:32.456656+00:00"}]}
INFO	2022-01-26 01:48:32,544	4075	FtxWebSocketTest	[WebSocketConnectReadThread-13]	onMessage : received {"channel": "trades", "market": "BTC-PERP", "type": "update", "data": [{"id": 3202197563, "price": 37194.0, "size": 0.0675, "side": "buy", "liquidation": false, "time": "2022-01-25T17:48:32.530185+00:00"}]}
INFO	2022-01-26 01:48:32,595	4126	FtxWebSocketTest	[WebSocketConnectReadThread-13]	onMessage : received {"channel": "trades", "market": "BTC-PERP", "type": "update", "data": [{"id": 3202197567, "price": 37193.0, "size": 0.0152, "side": "sell", "liquidation": false, "time": "2022-01-25T17:48:32.586535+00:00"}, {"id": 3202197568, "price": 37193.0, "size": 0.0019, "side": "sell", "liquidation": false, "time": "2022-01-25T17:48:32.586535+00:00"}]}
INFO	2022-01-26 01:48:32,676	4207	FtxWebSocketTest	[WebSocketConnectReadThread-13]	onMessage : received {"channel": "trades", "market": "BTC-PERP", "type": "update", "data": [{"id": 3202197573, "price": 37194.0, "size": 0.04, "side": "buy", "liquidation": false, "time": "2022-01-25T17:48:32.658676+00:00"}]}
INFO	2022-01-26 01:48:32,848	4379	FtxWebSocketTest	[WebSocketConnectReadThread-13]	onMessage : received {"channel": "trades", "market": "BTC-PERP", "type": "update", "data": [{"id": 3202197613, "price": 37196.0, "size": 0.0269, "side": "sell", "liquidation": false, "time": "2022-01-25T17:48:32.828217+00:00"}]}
INFO	2022-01-26 01:48:32,988	4519	FtxWebSocketTest	[WebSocketConnectReadThread-13]	onMessage : received {"channel": "trades", "market": "BTC-PERP", "type": "update", "data": [{"id": 3202197660, "price": 37194.0, "size": 0.0138, "side": "sell", "liquidation": false, "time": "2022-01-25T17:48:32.950447+00:00"}]}
INFO	2022-01-26 01:48:33,065	4596	FtxWebSocketTest	[WebSocketConnectReadThread-13]	onMessage : received {"channel": "trades", "market": "BTC-PERP", "type": "update", "data": [{"id": 3202197675, "price": 37195.0, "size": 0.26, "side": "buy", "liquidation": false, "time": "2022-01-25T17:48:33.030072+00:00"}, {"id": 3202197676, "price": 37195.0, "size": 0.1084, "side": "buy", "liquidation": false, "time": "2022-01-25T17:48:33.030072+00:00"}, {"id": 3202197677, "price": 37195.0, "size": 0.2719, "side": "buy", "liquidation": false, "time": "2022-01-25T17:48:33.030072+00:00"}, {"id": 3202197678, "price": 37194.0, "size": 0.01, "side": "sell", "liquidation": false, "time": "2022-01-25T17:48:33.033758+00:00"}]}
INFO	2022-01-26 01:48:33,589	5120	FtxWebSocketTest	[WebSocketConnectReadThread-13]	onMessage : received {"channel": "trades", "market": "BTC-PERP", "type": "update", "data": [{"id": 3202197781, "price": 37193.0, "size": 0.056, "side": "sell", "liquidation": false, "time": "2022-01-25T17:48:33.474540+00:00"}]}
INFO	2022-01-26 01:48:33,591	5122	FtxWebSocketTest	[WebSocketConnectReadThread-13]	onMessage : received {"channel": "trades", "market": "BTC-PERP", "type": "update", "data": [{"id": 3202197791, "price": 37194.0, "size": 0.1228, "side": "buy", "liquidation": false, "time": "2022-01-25T17:48:33.524469+00:00"}]}
INFO	2022-01-26 01:48:33,649	5180	FtxWebSocketTest	[WebSocketConnectReadThread-13]	onMessage : received {"channel": "trades", "market": "BTC-PERP", "type": "update", "data": [{"id": 3202197801, "price": 37194.0, "size": 0.0672, "side": "buy", "liquidation": false, "time": "2022-01-25T17:48:33.633373+00:00"}, {"id": 3202197802, "price": 37194.0, "size": 0.2328, "side": "buy", "liquidation": false, "time": "2022-01-25T17:48:33.633373+00:00"}]}
INFO	2022-01-26 01:48:33,889	5420	FtxWebSocketTest	[WebSocketConnectReadThread-13]	onMessage : received {"channel": "trades", "market": "BTC-PERP", "type": "update", "data": [{"id": 3202197837, "price": 37193.0, "size": 0.0228, "side": "sell", "liquidation": false, "time": "2022-01-25T17:48:33.846741+00:00"}, {"id": 3202197838, "price": 37193.0, "size": 0.1205, "side": "sell", "liquidation": false, "time": "2022-01-25T17:48:33.846741+00:00"}]}
INFO	2022-01-26 01:48:33,957	5488	FtxWebSocketTest	[WebSocketConnectReadThread-13]	onMessage : received {"channel": "trades", "market": "BTC-PERP", "type": "update", "data": [{"id": 3202197867, "price": 37189.0, "size": 0.0335, "side": "sell", "liquidation": false, "time": "2022-01-25T17:48:33.919965+00:00"}]}
INFO	2022-01-26 01:48:34,097	5628	FtxWebSocketTest	[WebSocketConnectReadThread-13]	onMessage : received {"channel": "trades", "market": "BTC-PERP", "type": "update", "data": [{"id": 3202197933, "price": 37189.0, "size": 0.1391, "side": "sell", "liquidation": false, "time": "2022-01-25T17:48:34.023992+00:00"}, {"id": 3202197934, "price": 37189.0, "size": 0.05, "side": "buy", "liquidation": false, "time": "2022-01-25T17:48:34.028932+00:00"}, {"id": 3202197935, "price": 37187.0, "size": 0.0484, "side": "sell", "liquidation": false, "time": "2022-01-25T17:48:34.031048+00:00"}, {"id": 3202197936, "price": 37186.0, "size": 0.2, "side": "sell", "liquidation": false, "time": "2022-01-25T17:48:34.031048+00:00"}, {"id": 3202197937, "price": 37189.0, "size": 0.14, "side": "buy", "liquidation": false, "time": "2022-01-25T17:48:34.037734+00:00"}, {"id": 3202197938, "price": 37189.0, "size": 0.048, "side": "buy", "liquidation": false, "time": "2022-01-25T17:48:34.037734+00:00"}]}
INFO	2022-01-26 01:48:34,405	5936	FtxWebSocketTest	[WebSocketConnectReadThread-13]	onMessage : received {"channel": "trades", "market": "BTC-PERP", "type": "update", "data": [{"id": 3202198150, "price": 37184.0, "size": 0.3765, "side": "sell", "liquidation": false, "time": "2022-01-25T17:48:34.226543+00:00"}, {"id": 3202198151, "price": 37184.0, "size": 0.025, "side": "sell", "liquidation": false, "time": "2022-01-25T17:48:34.226543+00:00"}, {"id": 3202198152, "price": 37183.0, "size": 0.0375, "side": "sell", "liquidation": false, "time": "2022-01-25T17:48:34.227920+00:00"}, {"id": 3202198153, "price": 37182.0, "size": 0.01, "side": "sell", "liquidation": false, "time": "2022-01-25T17:48:34.227920+00:00"}, {"id": 3202198154, "price": 37182.0, "size": 0.0375, "side": "sell", "liquidation": false, "time": "2022-01-25T17:48:34.227920+00:00"}, {"id": 3202198155, "price": 37181.0, "size": 0.0117, "side": "sell", "liquidation": false, "time": "2022-01-25T17:48:34.227920+00:00"}, {"id": 3202198156, "price": 37181.0, "size": 0.3922, "side": "sell", "liquidation": false, "time": "2022-01-25T17:48:34.227920+00:00"}, {"id": 3202198157, "price": 37181.0, "size": 0.0125, "side": "sell", "liquidation": false, "time": "2022-01-25T17:48:34.231409+00:00"}, {"id": 3202198158, "price": 37181.0, "size": 0.5953, "side": "sell", "liquidation": false, "time": "2022-01-25T17:48:34.235548+00:00"}, {"id": 3202198159, "price": 37180.0, "size": 0.001, "side": "sell", "liquidation": false, "time": "2022-01-25T17:48:34.239449+00:00"}, {"id": 3202198160, "price": 37180.0, "size": 0.003, "side": "sell", "liquidation": false, "time": "2022-01-25T17:48:34.239449+00:00"}, {"id": 3202198161, "price": 37180.0, "size": 0.0983, "side": "sell", "liquidation": false, "time": "2022-01-25T17:48:34.239449+00:00"}, {"id": 3202198162, "price": 37180.0, "size": 0.025, "side": "sell", "liquidation": false, "time": "2022-01-25T17:48:34.239449+00:00"}, {"id": 3202198163, "price": 37179.0, "size": 0.0125, "side": "sell", "liquidation": false, "time": "2022-01-25T17:48:34.239449+00:00"}, {"id": 3202198164, "price": 37179.0, "size": 0.1, "side": "sell", "liquidation": false, "time": "2022-01-25T17:48:34.239449+00:00"}, {"id": 3202198165, "price": 37178.0, "size": 0.025, "side": "sell", "liquidation": false, "time": "2022-01-25T17:48:34.239449+00:00"}, {"id": 3202198166, "price": 37178.0, "size": 0.0315, "side": "sell", "liquidation": false, "time": "2022-01-25T17:48:34.239449+00:00"}, {"id": 3202198167, "price": 37178.0, "size": 0.005, "side": "sell", "liquidation": false, "time": "2022-01-25T17:48:34.239449+00:00"}, {"id": 3202198168, "price": 37176.0, "size": 0.02, "side": "sell", "liquidation": false, "time": "2022-01-25T17:48:34.250339+00:00"}, {"id": 3202198169, "price": 37176.0, "size": 0.01, "side": "sell", "liquidation": false, "time": "2022-01-25T17:48:34.250339+00:00"}, {"id": 3202198170, "price": 37176.0, "size": 0.15, "side": "sell", "liquidation": false, "time": "2022-01-25T17:48:34.250339+00:00"}]}
INFO	2022-01-26 01:48:34,522	6053	FtxWebSocketTest	[WebSocketConnectReadThread-13]	onMessage : received {"channel": "trades", "market": "BTC-PERP", "type": "update", "data": [{"id": 3202198299, "price": 37176.0, "size": 0.19, "side": "sell", "liquidation": false, "time": "2022-01-25T17:48:34.453626+00:00"}]}
INFO	2022-01-26 01:48:34,706	6237	FtxWebSocketTest	[WebSocketConnectReadThread-13]	onMessage : received {"channel": "trades", "market": "BTC-PERP", "type": "update", "data": [{"id": 3202198409, "price": 37174.0, "size": 0.018, "side": "sell", "liquidation": false, "time": "2022-01-25T17:48:34.634246+00:00"}, {"id": 3202198410, "price": 37174.0, "size": 0.007, "side": "sell", "liquidation": false, "time": "2022-01-25T17:48:34.640317+00:00"}, {"id": 3202198411, "price": 37174.0, "size": 0.013, "side": "sell", "liquidation": false, "time": "2022-01-25T17:48:34.640317+00:00"}, {"id": 3202198412, "price": 37174.0, "size": 0.0245, "side": "sell", "liquidation": false, "time": "2022-01-25T17:48:34.641599+00:00"}, {"id": 3202198413, "price": 37172.0, "size": 0.0218, "side": "sell", "liquidation": false, "time": "2022-01-25T17:48:34.641599+00:00"}]}
INFO	2022-01-26 01:48:35,220	6751	FtxWebSocketTest	[WebSocketConnectReadThread-13]	onMessage : received {"channel": "trades", "market": "BTC-PERP", "type": "update", "data": [{"id": 3202198537, "price": 37173.0, "size": 0.021, "side": "buy", "liquidation": false, "time": "2022-01-25T17:48:35.110301+00:00"}, {"id": 3202198538, "price": 37173.0, "size": 0.0059, "side": "buy", "liquidation": false, "time": "2022-01-25T17:48:35.110301+00:00"}]}
INFO	2022-01-26 01:48:35,223	6754	FtxWebSocketTest	[WebSocketConnectReadThread-13]	onMessage : received {"channel": "trades", "market": "BTC-PERP", "type": "update", "data": [{"id": 3202198557, "price": 37173.0, "size": 0.1105, "side": "buy", "liquidation": false, "time": "2022-01-25T17:48:35.169473+00:00"}, {"id": 3202198558, "price": 37173.0, "size": 0.0436, "side": "buy", "liquidation": false, "time": "2022-01-25T17:48:35.171306+00:00"}, {"id": 3202198559, "price": 37173.0, "size": 0.0025, "side": "buy", "liquidation": false, "time": "2022-01-25T17:48:35.171306+00:00"}, {"id": 3202198560, "price": 37173.0, "size": 0.1766, "side": "buy", "liquidation": false, "time": "2022-01-25T17:48:35.171306+00:00"}, {"id": 3202198561, "price": 37173.0, "size": 0.1344, "side": "buy", "liquidation": false, "time": "2022-01-25T17:48:35.171306+00:00"}, {"id": 3202198562, "price": 37173.0, "size": 0.0141, "side": "buy", "liquidation": false, "time": "2022-01-25T17:48:35.171306+00:00"}, {"id": 3202198563, "price": 37173.0, "size": 0.5972, "side": "buy", "liquidation": false, "time": "2022-01-25T17:48:35.171306+00:00"}, {"id": 3202198564, "price": 37173.0, "size": 0.01, "side": "buy", "liquidation": false, "time": "2022-01-25T17:48:35.171306+00:00"}]}
INFO	2022-01-26 01:48:35,323	6854	FtxWebSocketTest	[WebSocketConnectReadThread-13]	onMessage : received {"channel": "trades", "market": "BTC-PERP", "type": "update", "data": [{"id": 3202198631, "price": 37175.0, "size": 0.0138, "side": "buy", "liquidation": false, "time": "2022-01-25T17:48:35.284755+00:00"}, {"id": 3202198632, "price": 37175.0, "size": 0.1077, "side": "buy", "liquidation": false, "time": "2022-01-25T17:48:35.284755+00:00"}, {"id": 3202198633, "price": 37175.0, "size": 0.003, "side": "buy", "liquidation": false, "time": "2022-01-25T17:48:35.284755+00:00"}, {"id": 3202198634, "price": 37175.0, "size": 0.0174, "side": "buy", "liquidation": false, "time": "2022-01-25T17:48:35.284755+00:00"}, {"id": 3202198635, "price": 37175.0, "size": 0.1707, "side": "buy", "liquidation": false, "time": "2022-01-25T17:48:35.289526+00:00"}]}
INFO	2022-01-26 01:48:35,384	6915	FtxWebSocketTest	[WebSocketConnectReadThread-13]	onMessage : received {"channel": "trades", "market": "BTC-PERP", "type": "update", "data": [{"id": 3202198650, "price": 37177.0, "size": 0.0025, "side": "buy", "liquidation": false, "time": "2022-01-25T17:48:35.369375+00:00"}, {"id": 3202198651, "price": 37178.0, "size": 0.01, "side": "buy", "liquidation": false, "time": "2022-01-25T17:48:35.369375+00:00"}]}
INFO	2022-01-26 01:48:35,547	7078	FtxWebSocketTest	[WebSocketConnectReadThread-13]	onMessage : received {"channel": "trades", "market": "BTC-PERP", "type": "update", "data": [{"id": 3202198701, "price": 37180.0, "size": 0.1884, "side": "buy", "liquidation": false, "time": "2022-01-25T17:48:35.532835+00:00"}]}
INFO	2022-01-26 01:48:35,679	7210	FtxWebSocketTest	[WebSocketConnectReadThread-13]	onClosed : Connection closed by us 1000|
INFO	2022-01-26 02:00:39,758	0	FtxWebSocketTest	[main]	BeforeClass : setup
INFO	2022-01-26 02:00:41,124	1366	FtxWebSocketTest	[WebSocketConnectReadThread-14]	alt-svc:h3=":443"; ma=86400, h3-29=":443"; ma=86400
INFO	2022-01-26 02:00:41,124	1366	FtxWebSocketTest	[WebSocketConnectReadThread-14]	CF-Cache-Status:DYNAMIC
INFO	2022-01-26 02:00:41,124	1366	FtxWebSocketTest	[WebSocketConnectReadThread-14]	CF-RAY:6d3367065ac887f9-SIN
INFO	2022-01-26 02:00:41,125	1367	FtxWebSocketTest	[WebSocketConnectReadThread-14]	Connection:upgrade
INFO	2022-01-26 02:00:41,125	1367	FtxWebSocketTest	[WebSocketConnectReadThread-14]	Date:Tue, 25 Jan 2022 18:00:41 GMT
INFO	2022-01-26 02:00:41,125	1367	FtxWebSocketTest	[WebSocketConnectReadThread-14]	Expect-CT:max-age=604800, report-uri="https://report-uri.cloudflare.com/cdn-cgi/beacon/expect-ct"
INFO	2022-01-26 02:00:41,125	1367	FtxWebSocketTest	[WebSocketConnectReadThread-14]	Sec-WebSocket-Accept:/FrzgC0zUFHOX546y+oUBF3tLWw=
INFO	2022-01-26 02:00:41,125	1367	FtxWebSocketTest	[WebSocketConnectReadThread-14]	Server:cloudflare
INFO	2022-01-26 02:00:41,125	1367	FtxWebSocketTest	[WebSocketConnectReadThread-14]	Strict-Transport-Security:max-age=31536000; includeSubDomains; preload
INFO	2022-01-26 02:00:41,125	1367	FtxWebSocketTest	[WebSocketConnectReadThread-14]	Upgrade:websocket
INFO	2022-01-26 02:00:41,125	1367	FtxWebSocketTest	[WebSocketConnectReadThread-14]	X-Content-Type-Options:nosniff
INFO	2022-01-26 02:00:41,125	1367	FtxWebSocketTest	[WebSocketConnectReadThread-14]	onOpen : Connection is opened
INFO	2022-01-26 02:00:41,808	2050	FtxWebSocketTest	[main]	Connection is OPEN
INFO	2022-01-26 02:00:41,962	2204	FtxWebSocketTest	[WebSocketConnectReadThread-14]	onMessage : received {"type": "subscribed", "channel": "ticker", "market": "BTC-PERP"}
INFO	2022-01-26 02:00:42,033	2275	FtxWebSocketTest	[WebSocketConnectReadThread-14]	onMessage : received {"channel": "ticker", "market": "BTC-PERP", "type": "update", "data": {"bid": 37251.0, "ask": 37260.0, "bidSize": 0.5, "askSize": 1.2863, "last": 37252.0, "time": 1643133641.9363067}}
INFO	2022-01-26 02:00:42,285	2527	FtxWebSocketTest	[WebSocketConnectReadThread-14]	onMessage : received {"channel": "ticker", "market": "BTC-PERP", "type": "update", "data": {"bid": 37247.0, "ask": 37252.0, "bidSize": 0.7737, "askSize": 0.413, "last": 37247.0, "time": 1643133642.171042}}
INFO	2022-01-26 02:00:42,438	2680	FtxWebSocketTest	[WebSocketConnectReadThread-14]	onMessage : received {"channel": "ticker", "market": "BTC-PERP", "type": "update", "data": {"bid": 37247.0, "ask": 37248.0, "bidSize": 1.0656, "askSize": 1.0148, "last": 37247.0, "time": 1643133642.3767052}}
INFO	2022-01-26 02:00:42,458	2700	FtxWebSocketTest	[WebSocketConnectReadThread-14]	onMessage : received {"channel": "ticker", "market": "BTC-PERP", "type": "update", "data": {"bid": 37247.0, "ask": 37248.0, "bidSize": 1.0656, "askSize": 1.0148, "last": 37247.0, "time": 1643133642.4277973}}
INFO	2022-01-26 02:00:42,489	2731	FtxWebSocketTest	[WebSocketConnectReadThread-14]	onMessage : received {"channel": "ticker", "market": "BTC-PERP", "type": "update", "data": {"bid": 37246.0, "ask": 37248.0, "bidSize": 0.005, "askSize": 1.0148, "last": 37247.0, "time": 1643133642.4537275}}
INFO	2022-01-26 02:00:42,511	2753	FtxWebSocketTest	[WebSocketConnectReadThread-14]	onMessage : received {"channel": "ticker", "market": "BTC-PERP", "type": "update", "data": {"bid": 37246.0, "ask": 37248.0, "bidSize": 0.005, "askSize": 4.5499, "last": 37247.0, "time": 1643133642.477423}}
INFO	2022-01-26 02:00:42,530	2772	FtxWebSocketTest	[WebSocketConnectReadThread-14]	onMessage : received {"channel": "ticker", "market": "BTC-PERP", "type": "update", "data": {"bid": 37246.0, "ask": 37247.0, "bidSize": 0.005, "askSize": 0.392, "last": 37247.0, "time": 1643133642.5002105}}
INFO	2022-01-26 02:00:42,562	2804	FtxWebSocketTest	[WebSocketConnectReadThread-14]	onMessage : received {"channel": "ticker", "market": "BTC-PERP", "type": "update", "data": {"bid": 37246.0, "ask": 37247.0, "bidSize": 0.005, "askSize": 1.0323, "last": 37247.0, "time": 1643133642.5299208}}
INFO	2022-01-26 02:00:42,583	2825	FtxWebSocketTest	[WebSocketConnectReadThread-14]	onMessage : received {"channel": "ticker", "market": "BTC-PERP", "type": "update", "data": {"bid": 37246.0, "ask": 37247.0, "bidSize": 0.5104, "askSize": 1.0588, "last": 37247.0, "time": 1643133642.5512662}}
INFO	2022-01-26 02:00:42,604	2846	FtxWebSocketTest	[WebSocketConnectReadThread-14]	onMessage : received {"channel": "ticker", "market": "BTC-PERP", "type": "update", "data": {"bid": 37246.0, "ask": 37247.0, "bidSize": 0.5104, "askSize": 1.0518, "last": 37247.0, "time": 1643133642.5740461}}
INFO	2022-01-26 02:00:42,649	2891	FtxWebSocketTest	[WebSocketConnectReadThread-14]	onMessage : received {"channel": "ticker", "market": "BTC-PERP", "type": "update", "data": {"bid": 37246.0, "ask": 37247.0, "bidSize": 0.5104, "askSize": 1.2708, "last": 37247.0, "time": 1643133642.6003895}}
INFO	2022-01-26 02:00:42,673	2915	FtxWebSocketTest	[WebSocketConnectReadThread-14]	onMessage : received {"channel": "ticker", "market": "BTC-PERP", "type": "update", "data": {"bid": 37246.0, "ask": 37247.0, "bidSize": 1.1308, "askSize": 1.0548, "last": 37247.0, "time": 1643133642.6398683}}
INFO	2022-01-26 02:00:42,692	2934	FtxWebSocketTest	[WebSocketConnectReadThread-14]	onMessage : received {"channel": "ticker", "market": "BTC-PERP", "type": "update", "data": {"bid": 37246.0, "ask": 37247.0, "bidSize": 0.8814, "askSize": 0.7838, "last": 37247.0, "time": 1643133642.6617332}}
INFO	2022-01-26 02:00:42,711	2953	FtxWebSocketTest	[WebSocketConnectReadThread-14]	onMessage : received {"channel": "ticker", "market": "BTC-PERP", "type": "update", "data": {"bid": 37246.0, "ask": 37247.0, "bidSize": 0.8814, "askSize": 0.7838, "last": 37247.0, "time": 1643133642.6833766}}
INFO	2022-01-26 02:00:42,749	2991	FtxWebSocketTest	[WebSocketConnectReadThread-14]	onMessage : received {"channel": "ticker", "market": "BTC-PERP", "type": "update", "data": {"bid": 37246.0, "ask": 37247.0, "bidSize": 0.0754, "askSize": 0.7838, "last": 37246.0, "time": 1643133642.7152097}}
INFO	2022-01-26 02:00:43,105	3347	FtxWebSocketTest	[WebSocketConnectReadThread-14]	onMessage : received {"channel": "ticker", "market": "BTC-PERP", "type": "update", "data": {"bid": 37246.0, "ask": 37247.0, "bidSize": 0.1948, "askSize": 1.4952, "last": 37246.0, "time": 1643133642.9544463}}
INFO	2022-01-26 02:00:43,106	3348	FtxWebSocketTest	[WebSocketConnectReadThread-14]	onMessage : received {"channel": "ticker", "market": "BTC-PERP", "type": "update", "data": {"bid": 37246.0, "ask": 37247.0, "bidSize": 0.1948, "askSize": 4.812, "last": 37246.0, "time": 1643133642.9844303}}
INFO	2022-01-26 02:00:43,107	3349	FtxWebSocketTest	[WebSocketConnectReadThread-14]	onMessage : received {"channel": "ticker", "market": "BTC-PERP", "type": "update", "data": {"bid": 37246.0, "ask": 37247.0, "bidSize": 0.1948, "askSize": 4.596, "last": 37246.0, "time": 1643133642.9988706}}
INFO	2022-01-26 02:00:43,108	3350	FtxWebSocketTest	[WebSocketConnectReadThread-14]	onMessage : received {"channel": "ticker", "market": "BTC-PERP", "type": "update", "data": {"bid": 37246.0, "ask": 37247.0, "bidSize": 0.1738, "askSize": 1.2843, "last": 37246.0, "time": 1643133643.0509396}}
INFO	2022-01-26 02:00:43,109	3351	FtxWebSocketTest	[WebSocketConnectReadThread-14]	onMessage : received {"channel": "ticker", "market": "BTC-PERP", "type": "update", "data": {"bid": 37246.0, "ask": 37247.0, "bidSize": 0.1738, "askSize": 1.7863, "last": 37246.0, "time": 1643133643.0734847}}
INFO	2022-01-26 02:00:43,126	3368	FtxWebSocketTest	[WebSocketConnectReadThread-14]	onMessage : received {"channel": "ticker", "market": "BTC-PERP", "type": "update", "data": {"bid": 37246.0, "ask": 37247.0, "bidSize": 0.1928, "askSize": 2.8021, "last": 37246.0, "time": 1643133643.0983336}}
INFO	2022-01-26 02:00:43,160	3402	FtxWebSocketTest	[WebSocketConnectReadThread-14]	onMessage : received {"channel": "ticker", "market": "BTC-PERP", "type": "update", "data": {"bid": 37243.0, "ask": 37247.0, "bidSize": 1.1835, "askSize": 4.8596, "last": 37246.0, "time": 1643133643.128158}}
INFO	2022-01-26 02:00:43,260	3502	FtxWebSocketTest	[WebSocketConnectReadThread-14]	onMessage : received {"channel": "ticker", "market": "BTC-PERP", "type": "update", "data": {"bid": 37243.0, "ask": 37244.0, "bidSize": 0.1177, "askSize": 0.4653, "last": 37246.0, "time": 1643133643.2234092}}
INFO	2022-01-26 02:00:43,292	3534	FtxWebSocketTest	[WebSocketConnectReadThread-14]	onMessage : received {"channel": "ticker", "market": "BTC-PERP", "type": "update", "data": {"bid": 37240.0, "ask": 37244.0, "bidSize": 0.003, "askSize": 1.6733, "last": 37242.0, "time": 1643133643.2545583}}
INFO	2022-01-26 02:00:43,617	3859	FtxWebSocketTest	[WebSocketConnectReadThread-14]	onMessage : received {"channel": "ticker", "market": "BTC-PERP", "type": "update", "data": {"bid": 37240.0, "ask": 37241.0, "bidSize": 0.003, "askSize": 11.3236, "last": 37242.0, "time": 1643133643.474495}}
INFO	2022-01-26 02:00:43,618	3860	FtxWebSocketTest	[WebSocketConnectReadThread-14]	onMessage : received {"channel": "ticker", "market": "BTC-PERP", "type": "update", "data": {"bid": 37239.0, "ask": 37241.0, "bidSize": 0.0175, "askSize": 11.3236, "last": 37240.0, "time": 1643133643.521652}}
INFO	2022-01-26 02:00:43,628	3870	FtxWebSocketTest	[WebSocketConnectReadThread-14]	onMessage : received {"channel": "ticker", "market": "BTC-PERP", "type": "update", "data": {"bid": 37239.0, "ask": 37240.0, "bidSize": 0.0175, "askSize": 0.96, "last": 37240.0, "time": 1643133643.586236}}
INFO	2022-01-26 02:00:43,698	3940	FtxWebSocketTest	[WebSocketConnectReadThread-14]	onMessage : received {"channel": "ticker", "market": "BTC-PERP", "type": "update", "data": {"bid": 37239.0, "ask": 37240.0, "bidSize": 0.0175, "askSize": 8.9762, "last": 37240.0, "time": 1643133643.6560168}}
INFO	2022-01-26 02:00:43,889	4131	FtxWebSocketTest	[WebSocketConnectReadThread-14]	onMessage : received {"channel": "ticker", "market": "BTC-PERP", "type": "update", "data": {"bid": 37239.0, "ask": 37240.0, "bidSize": 0.0175, "askSize": 9.4022, "last": 37240.0, "time": 1643133643.846597}}
INFO	2022-01-26 02:00:43,909	4151	FtxWebSocketTest	[WebSocketConnectReadThread-14]	onMessage : received {"channel": "ticker", "market": "BTC-PERP", "type": "update", "data": {"bid": 37239.0, "ask": 37240.0, "bidSize": 0.0175, "askSize": 10.1797, "last": 37240.0, "time": 1643133643.877824}}
INFO	2022-01-26 02:00:43,929	4171	FtxWebSocketTest	[WebSocketConnectReadThread-14]	onMessage : received {"channel": "ticker", "market": "BTC-PERP", "type": "update", "data": {"bid": 37238.0, "ask": 37240.0, "bidSize": 0.025, "askSize": 10.1927, "last": 37240.0, "time": 1643133643.8986385}}
INFO	2022-01-26 02:00:43,952	4194	FtxWebSocketTest	[WebSocketConnectReadThread-14]	onMessage : received {"channel": "ticker", "market": "BTC-PERP", "type": "update", "data": {"bid": 37238.0, "ask": 37240.0, "bidSize": 0.025, "askSize": 10.1927, "last": 37240.0, "time": 1643133643.9221134}}
INFO	2022-01-26 02:00:43,992	4234	FtxWebSocketTest	[WebSocketConnectReadThread-14]	onMessage : received {"channel": "ticker", "market": "BTC-PERP", "type": "update", "data": {"bid": 37237.0, "ask": 37239.0, "bidSize": 0.0067, "askSize": 0.119, "last": 37240.0, "time": 1643133643.9518328}}
INFO	2022-01-26 02:00:44,013	4255	FtxWebSocketTest	[WebSocketConnectReadThread-14]	onMessage : received {"channel": "ticker", "market": "BTC-PERP", "type": "update", "data": {"bid": 37237.0, "ask": 37239.0, "bidSize": 0.0067, "askSize": 0.834, "last": 37240.0, "time": 1643133643.9768121}}
INFO	2022-01-26 02:00:44,030	4272	FtxWebSocketTest	[WebSocketConnectReadThread-14]	onMessage : received {"channel": "ticker", "market": "BTC-PERP", "type": "update", "data": {"bid": 37237.0, "ask": 37238.0, "bidSize": 0.0067, "askSize": 0.119, "last": 37240.0, "time": 1643133644.000858}}
INFO	2022-01-26 02:00:44,062	4304	FtxWebSocketTest	[WebSocketConnectReadThread-14]	onMessage : received {"channel": "ticker", "market": "BTC-PERP", "type": "update", "data": {"bid": 37237.0, "ask": 37238.0, "bidSize": 0.0067, "askSize": 0.3276, "last": 37240.0, "time": 1643133644.0294955}}
INFO	2022-01-26 02:00:44,075	4317	FtxWebSocketTest	[WebSocketConnectReadThread-14]	onMessage : received {"channel": "ticker", "market": "BTC-PERP", "type": "update", "data": {"bid": 37237.0, "ask": 37238.0, "bidSize": 0.0067, "askSize": 0.3276, "last": 37240.0, "time": 1643133644.047115}}
INFO	2022-01-26 02:00:44,107	4349	FtxWebSocketTest	[WebSocketConnectReadThread-14]	onMessage : received {"channel": "ticker", "market": "BTC-PERP", "type": "update", "data": {"bid": 37237.0, "ask": 37238.0, "bidSize": 0.0067, "askSize": 0.3276, "last": 37240.0, "time": 1643133644.0754516}}
INFO	2022-01-26 02:00:44,129	4371	FtxWebSocketTest	[WebSocketConnectReadThread-14]	onMessage : received {"channel": "ticker", "market": "BTC-PERP", "type": "update", "data": {"bid": 37237.0, "ask": 37238.0, "bidSize": 0.0067, "askSize": 0.5176, "last": 37240.0, "time": 1643133644.0986946}}
INFO	2022-01-26 02:00:44,168	4410	FtxWebSocketTest	[WebSocketConnectReadThread-14]	onMessage : received {"channel": "ticker", "market": "BTC-PERP", "type": "update", "data": {"bid": 37237.0, "ask": 37238.0, "bidSize": 0.0067, "askSize": 1.4256, "last": 37240.0, "time": 1643133644.1312716}}
INFO	2022-01-26 02:00:44,190	4432	FtxWebSocketTest	[WebSocketConnectReadThread-14]	onMessage : received {"channel": "ticker", "market": "BTC-PERP", "type": "update", "data": {"bid": 37237.0, "ask": 37238.0, "bidSize": 0.0067, "askSize": 1.4356, "last": 37240.0, "time": 1643133644.1555092}}
INFO	2022-01-26 02:00:44,209	4451	FtxWebSocketTest	[WebSocketConnectReadThread-14]	onMessage : received {"channel": "ticker", "market": "BTC-PERP", "type": "update", "data": {"bid": 37237.0, "ask": 37238.0, "bidSize": 0.0067, "askSize": 1.4356, "last": 37240.0, "time": 1643133644.1760662}}
INFO	2022-01-26 02:00:44,232	4474	FtxWebSocketTest	[WebSocketConnectReadThread-14]	onMessage : received {"channel": "ticker", "market": "BTC-PERP", "type": "update", "data": {"bid": 37237.0, "ask": 37238.0, "bidSize": 0.0067, "askSize": 1.6516, "last": 37240.0, "time": 1643133644.2023273}}
INFO	2022-01-26 02:00:44,255	4497	FtxWebSocketTest	[WebSocketConnectReadThread-14]	onMessage : received {"channel": "ticker", "market": "BTC-PERP", "type": "update", "data": {"bid": 37237.0, "ask": 37238.0, "bidSize": 0.0067, "askSize": 1.8516, "last": 37240.0, "time": 1643133644.2249198}}
INFO	2022-01-26 02:00:44,278	4520	FtxWebSocketTest	[WebSocketConnectReadThread-14]	onMessage : received {"channel": "ticker", "market": "BTC-PERP", "type": "update", "data": {"bid": 37237.0, "ask": 37238.0, "bidSize": 0.0067, "askSize": 1.6356, "last": 37240.0, "time": 1643133644.2502828}}
INFO	2022-01-26 02:00:44,300	4542	FtxWebSocketTest	[WebSocketConnectReadThread-14]	onMessage : received {"channel": "ticker", "market": "BTC-PERP", "type": "update", "data": {"bid": 37237.0, "ask": 37238.0, "bidSize": 0.2561, "askSize": 1.6356, "last": 37240.0, "time": 1643133644.2738793}}
INFO	2022-01-26 02:00:44,333	4575	FtxWebSocketTest	[WebSocketConnectReadThread-14]	onMessage : received {"channel": "ticker", "market": "BTC-PERP", "type": "update", "data": {"bid": 37237.0, "ask": 37238.0, "bidSize": 0.2561, "askSize": 1.4286, "last": 37240.0, "time": 1643133644.302587}}
INFO	2022-01-26 02:00:44,363	4605	FtxWebSocketTest	[WebSocketConnectReadThread-14]	onMessage : received {"channel": "ticker", "market": "BTC-PERP", "type": "update", "data": {"bid": 37237.0, "ask": 37238.0, "bidSize": 0.2561, "askSize": 1.2686, "last": 37240.0, "time": 1643133644.3254852}}
INFO	2022-01-26 02:00:44,383	4625	FtxWebSocketTest	[WebSocketConnectReadThread-14]	onMessage : received {"channel": "ticker", "market": "BTC-PERP", "type": "update", "data": {"bid": 37237.0, "ask": 37238.0, "bidSize": 0.0067, "askSize": 1.2686, "last": 37240.0, "time": 1643133644.3530452}}
INFO	2022-01-26 02:00:44,402	4644	FtxWebSocketTest	[WebSocketConnectReadThread-14]	onMessage : received {"channel": "ticker", "market": "BTC-PERP", "type": "update", "data": {"bid": 37237.0, "ask": 37238.0, "bidSize": 0.0067, "askSize": 1.2737, "last": 37240.0, "time": 1643133644.3749852}}
INFO	2022-01-26 02:00:44,428	4670	FtxWebSocketTest	[WebSocketConnectReadThread-14]	onMessage : received {"channel": "ticker", "market": "BTC-PERP", "type": "update", "data": {"bid": 37237.0, "ask": 37238.0, "bidSize": 0.0067, "askSize": 1.5106, "last": 37240.0, "time": 1643133644.4006681}}
INFO	2022-01-26 02:00:44,457	4699	FtxWebSocketTest	[WebSocketConnectReadThread-14]	onMessage : received {"channel": "ticker", "market": "BTC-PERP", "type": "update", "data": {"bid": 37237.0, "ask": 37238.0, "bidSize": 0.0067, "askSize": 1.6706, "last": 37240.0, "time": 1643133644.4248521}}
INFO	2022-01-26 02:00:44,497	4739	FtxWebSocketTest	[WebSocketConnectReadThread-14]	onMessage : received {"channel": "ticker", "market": "BTC-PERP", "type": "update", "data": {"bid": 37237.0, "ask": 37238.0, "bidSize": 0.0067, "askSize": 1.7115, "last": 37240.0, "time": 1643133644.45385}}
INFO	2022-01-26 02:00:44,531	4773	FtxWebSocketTest	[WebSocketConnectReadThread-14]	onMessage : received {"channel": "ticker", "market": "BTC-PERP", "type": "update", "data": {"bid": 37237.0, "ask": 37238.0, "bidSize": 0.0067, "askSize": 1.7625, "last": 37240.0, "time": 1643133644.4888508}}
INFO	2022-01-26 02:00:44,555	4797	FtxWebSocketTest	[WebSocketConnectReadThread-14]	onMessage : received {"channel": "ticker", "market": "BTC-PERP", "type": "update", "data": {"bid": 37237.0, "ask": 37238.0, "bidSize": 0.0067, "askSize": 1.7625, "last": 37240.0, "time": 1643133644.5056026}}
INFO	2022-01-26 02:00:44,582	4824	FtxWebSocketTest	[WebSocketConnectReadThread-14]	onMessage : received {"channel": "ticker", "market": "BTC-PERP", "type": "update", "data": {"bid": 37237.0, "ask": 37238.0, "bidSize": 0.0067, "askSize": 1.7625, "last": 37240.0, "time": 1643133644.530031}}
INFO	2022-01-26 02:00:44,606	4848	FtxWebSocketTest	[WebSocketConnectReadThread-14]	onMessage : received {"channel": "ticker", "market": "BTC-PERP", "type": "update", "data": {"bid": 37237.0, "ask": 37238.0, "bidSize": 0.2561, "askSize": 1.7625, "last": 37240.0, "time": 1643133644.5563855}}
INFO	2022-01-26 02:00:44,619	4861	FtxWebSocketTest	[WebSocketConnectReadThread-14]	onMessage : received {"channel": "ticker", "market": "BTC-PERP", "type": "update", "data": {"bid": 37237.0, "ask": 37238.0, "bidSize": 0.2561, "askSize": 1.7625, "last": 37240.0, "time": 1643133644.583353}}
INFO	2022-01-26 02:00:44,659	4901	FtxWebSocketTest	[WebSocketConnectReadThread-14]	onMessage : received {"channel": "ticker", "market": "BTC-PERP", "type": "update", "data": {"bid": 37237.0, "ask": 37238.0, "bidSize": 0.3061, "askSize": 1.7625, "last": 37240.0, "time": 1643133644.626528}}
INFO	2022-01-26 02:00:44,668	4910	FtxWebSocketTest	[WebSocketConnectReadThread-14]	onMessage : received {"channel": "ticker", "market": "BTC-PERP", "type": "update", "data": {"bid": 37237.0, "ask": 37238.0, "bidSize": 0.0567, "askSize": 1.7216, "last": 37240.0, "time": 1643133644.640795}}
INFO	2022-01-26 02:00:44,695	4937	FtxWebSocketTest	[WebSocketConnectReadThread-14]	onMessage : received {"channel": "ticker", "market": "BTC-PERP", "type": "update", "data": {"bid": 37237.0, "ask": 37238.0, "bidSize": 0.0567, "askSize": 1.7216, "last": 37240.0, "time": 1643133644.6661732}}
INFO	2022-01-26 02:00:44,722	4964	FtxWebSocketTest	[WebSocketConnectReadThread-14]	onMessage : received {"channel": "ticker", "market": "BTC-PERP", "type": "update", "data": {"bid": 37237.0, "ask": 37238.0, "bidSize": 0.0567, "askSize": 1.7216, "last": 37240.0, "time": 1643133644.6916344}}
INFO	2022-01-26 02:00:44,747	4989	FtxWebSocketTest	[WebSocketConnectReadThread-14]	onMessage : received {"channel": "ticker", "market": "BTC-PERP", "type": "update", "data": {"bid": 37237.0, "ask": 37238.0, "bidSize": 0.0567, "askSize": 1.7216, "last": 37240.0, "time": 1643133644.717521}}
INFO	2022-01-26 02:00:44,769	5011	FtxWebSocketTest	[WebSocketConnectReadThread-14]	onMessage : received {"channel": "ticker", "market": "BTC-PERP", "type": "update", "data": {"bid": 37237.0, "ask": 37238.0, "bidSize": 0.0567, "askSize": 1.7216, "last": 37240.0, "time": 1643133644.7411835}}
INFO	2022-01-26 02:00:44,796	5038	FtxWebSocketTest	[WebSocketConnectReadThread-14]	onMessage : received {"channel": "ticker", "market": "BTC-PERP", "type": "update", "data": {"bid": 37237.0, "ask": 37238.0, "bidSize": 0.0567, "askSize": 1.7216, "last": 37240.0, "time": 1643133644.766738}}
INFO	2022-01-26 02:00:44,824	5066	FtxWebSocketTest	[WebSocketConnectReadThread-14]	onMessage : received {"channel": "ticker", "market": "BTC-PERP", "type": "update", "data": {"bid": 37237.0, "ask": 37238.0, "bidSize": 0.0567, "askSize": 1.7216, "last": 37240.0, "time": 1643133644.7918642}}
INFO	2022-01-26 02:00:44,843	5085	FtxWebSocketTest	[WebSocketConnectReadThread-14]	onMessage : received {"channel": "ticker", "market": "BTC-PERP", "type": "update", "data": {"bid": 37237.0, "ask": 37238.0, "bidSize": 0.0567, "askSize": 1.7216, "last": 37240.0, "time": 1643133644.8167655}}
INFO	2022-01-26 02:00:44,875	5117	FtxWebSocketTest	[WebSocketConnectReadThread-14]	onMessage : received {"channel": "ticker", "market": "BTC-PERP", "type": "update", "data": {"bid": 37237.0, "ask": 37238.0, "bidSize": 0.0567, "askSize": 1.7216, "last": 37240.0, "time": 1643133644.8436575}}
INFO	2022-01-26 02:00:44,897	5139	FtxWebSocketTest	[WebSocketConnectReadThread-14]	onMessage : received {"channel": "ticker", "market": "BTC-PERP", "type": "update", "data": {"bid": 37237.0, "ask": 37238.0, "bidSize": 0.0567, "askSize": 1.9506, "last": 37240.0, "time": 1643133644.867992}}
INFO	2022-01-26 02:00:44,920	5162	FtxWebSocketTest	[WebSocketConnectReadThread-14]	onMessage : received {"channel": "ticker", "market": "BTC-PERP", "type": "update", "data": {"bid": 37237.0, "ask": 37238.0, "bidSize": 0.0567, "askSize": 2.2191, "last": 37240.0, "time": 1643133644.892368}}
INFO	2022-01-26 02:00:44,949	5191	FtxWebSocketTest	[WebSocketConnectReadThread-14]	onMessage : received {"channel": "ticker", "market": "BTC-PERP", "type": "update", "data": {"bid": 37237.0, "ask": 37238.0, "bidSize": 0.0567, "askSize": 2.2191, "last": 37240.0, "time": 1643133644.918302}}
INFO	2022-01-26 02:00:44,969	5211	FtxWebSocketTest	[WebSocketConnectReadThread-14]	onMessage : received {"channel": "ticker", "market": "BTC-PERP", "type": "update", "data": {"bid": 37237.0, "ask": 37238.0, "bidSize": 0.0567, "askSize": 2.2191, "last": 37240.0, "time": 1643133644.9403908}}
INFO	2022-01-26 02:00:45,013	5255	FtxWebSocketTest	[WebSocketConnectReadThread-14]	onMessage : received {"channel": "ticker", "market": "BTC-PERP", "type": "update", "data": {"bid": 37237.0, "ask": 37238.0, "bidSize": 0.0567, "askSize": 2.2191, "last": 37240.0, "time": 1643133644.972074}}
INFO	2022-01-26 02:00:45,037	5279	FtxWebSocketTest	[WebSocketConnectReadThread-14]	onMessage : received {"channel": "ticker", "market": "BTC-PERP", "type": "update", "data": {"bid": 37237.0, "ask": 37238.0, "bidSize": 0.0567, "askSize": 2.2191, "last": 37240.0, "time": 1643133644.9896638}}
INFO	2022-01-26 02:00:45,053	5295	FtxWebSocketTest	[WebSocketConnectReadThread-14]	onMessage : received {"channel": "ticker", "market": "BTC-PERP", "type": "update", "data": {"bid": 37237.0, "ask": 37238.0, "bidSize": 0.0567, "askSize": 2.0411, "last": 37240.0, "time": 1643133645.022155}}
INFO	2022-01-26 02:00:45,068	5310	FtxWebSocketTest	[WebSocketConnectReadThread-14]	onMessage : received {"channel": "ticker", "market": "BTC-PERP", "type": "update", "data": {"bid": 37237.0, "ask": 37238.0, "bidSize": 0.0567, "askSize": 2.0411, "last": 37240.0, "time": 1643133645.0405252}}
INFO	2022-01-26 02:00:45,103	5345	FtxWebSocketTest	[WebSocketConnectReadThread-14]	onMessage : received {"channel": "ticker", "market": "BTC-PERP", "type": "update", "data": {"bid": 37237.0, "ask": 37238.0, "bidSize": 0.0567, "askSize": 2.0411, "last": 37240.0, "time": 1643133645.0672977}}
INFO	2022-01-26 02:00:45,122	5364	FtxWebSocketTest	[WebSocketConnectReadThread-14]	onMessage : received {"channel": "ticker", "market": "BTC-PERP", "type": "update", "data": {"bid": 37237.0, "ask": 37238.0, "bidSize": 0.0567, "askSize": 2.2411, "last": 37240.0, "time": 1643133645.0929847}}
INFO	2022-01-26 02:00:45,173	5415	FtxWebSocketTest	[WebSocketConnectReadThread-14]	onMessage : received {"channel": "ticker", "market": "BTC-PERP", "type": "update", "data": {"bid": 37237.0, "ask": 37238.0, "bidSize": 0.0567, "askSize": 0.3372, "last": 37238.0, "time": 1643133645.1290953}}
INFO	2022-01-26 02:00:45,234	5476	FtxWebSocketTest	[WebSocketConnectReadThread-14]	onMessage : received {"channel": "ticker", "market": "BTC-PERP", "type": "update", "data": {"bid": 37237.0, "ask": 37238.0, "bidSize": 0.0567, "askSize": 0.6395, "last": 37238.0, "time": 1643133645.2010121}}
INFO	2022-01-26 02:00:45,252	5494	FtxWebSocketTest	[WebSocketConnectReadThread-14]	onMessage : received {"channel": "ticker", "market": "BTC-PERP", "type": "update", "data": {"bid": 37237.0, "ask": 37238.0, "bidSize": 0.0567, "askSize": 0.8505, "last": 37238.0, "time": 1643133645.2242882}}
INFO	2022-01-26 02:00:45,278	5520	FtxWebSocketTest	[WebSocketConnectReadThread-14]	onMessage : received {"channel": "ticker", "market": "BTC-PERP", "type": "update", "data": {"bid": 37237.0, "ask": 37238.0, "bidSize": 0.0567, "askSize": 0.8505, "last": 37238.0, "time": 1643133645.2491305}}
INFO	2022-01-26 02:00:45,302	5544	FtxWebSocketTest	[WebSocketConnectReadThread-14]	onMessage : received {"channel": "ticker", "market": "BTC-PERP", "type": "update", "data": {"bid": 37237.0, "ask": 37238.0, "bidSize": 0.0567, "askSize": 0.8505, "last": 37238.0, "time": 1643133645.27437}}
INFO	2022-01-26 02:00:45,329	5571	FtxWebSocketTest	[WebSocketConnectReadThread-14]	onMessage : received {"channel": "ticker", "market": "BTC-PERP", "type": "update", "data": {"bid": 37237.0, "ask": 37238.0, "bidSize": 0.0567, "askSize": 1.0665, "last": 37238.0, "time": 1643133645.2999625}}
INFO	2022-01-26 02:00:45,354	5596	FtxWebSocketTest	[WebSocketConnectReadThread-14]	onMessage : received {"channel": "ticker", "market": "BTC-PERP", "type": "update", "data": {"bid": 37237.0, "ask": 37238.0, "bidSize": 0.0567, "askSize": 0.8665, "last": 37238.0, "time": 1643133645.3253074}}
INFO	2022-01-26 02:00:45,379	5621	FtxWebSocketTest	[WebSocketConnectReadThread-14]	onMessage : received {"channel": "ticker", "market": "BTC-PERP", "type": "update", "data": {"bid": 37237.0, "ask": 37238.0, "bidSize": 0.0567, "askSize": 0.6505, "last": 37238.0, "time": 1643133645.3509905}}
INFO	2022-01-26 02:00:45,419	5661	FtxWebSocketTest	[WebSocketConnectReadThread-14]	onMessage : received {"channel": "ticker", "market": "BTC-PERP", "type": "update", "data": {"bid": 37237.0, "ask": 37238.0, "bidSize": 0.0487, "askSize": 0.6505, "last": 37237.0, "time": 1643133645.3853068}}
INFO	2022-01-26 02:00:45,487	5729	FtxWebSocketTest	[WebSocketConnectReadThread-14]	onMessage : received {"channel": "ticker", "market": "BTC-PERP", "type": "update", "data": {"bid": 37237.0, "ask": 37238.0, "bidSize": 0.0487, "askSize": 0.7507, "last": 37237.0, "time": 1643133645.4579842}}
INFO	2022-01-26 02:00:45,508	5750	FtxWebSocketTest	[WebSocketConnectReadThread-14]	onMessage : received {"channel": "ticker", "market": "BTC-PERP", "type": "update", "data": {"bid": 37237.0, "ask": 37238.0, "bidSize": 0.0487, "askSize": 0.7507, "last": 37237.0, "time": 1643133645.4808679}}
INFO	2022-01-26 02:00:45,535	5777	FtxWebSocketTest	[WebSocketConnectReadThread-14]	onMessage : received {"channel": "ticker", "market": "BTC-PERP", "type": "update", "data": {"bid": 37237.0, "ask": 37238.0, "bidSize": 0.0487, "askSize": 0.7518, "last": 37237.0, "time": 1643133645.508601}}
INFO	2022-01-26 02:00:45,562	5804	FtxWebSocketTest	[WebSocketConnectReadThread-14]	onMessage : received {"channel": "ticker", "market": "BTC-PERP", "type": "update", "data": {"bid": 37234.0, "ask": 37235.0, "bidSize": 0.1124, "askSize": 0.4, "last": 37237.0, "time": 1643133645.5320568}}
INFO	2022-01-26 02:00:45,587	5829	FtxWebSocketTest	[WebSocketConnectReadThread-14]	onMessage : received {"channel": "ticker", "market": "BTC-PERP", "type": "update", "data": {"bid": 37234.0, "ask": 37238.0, "bidSize": 0.1124, "askSize": 0.4018, "last": 37237.0, "time": 1643133645.5581121}}
INFO	2022-01-26 02:00:45,607	5849	FtxWebSocketTest	[WebSocketConnectReadThread-14]	onMessage : received {"channel": "ticker", "market": "BTC-PERP", "type": "update", "data": {"bid": 37234.0, "ask": 37238.0, "bidSize": 0.1124, "askSize": 0.4018, "last": 37237.0, "time": 1643133645.5800745}}
INFO	2022-01-26 02:00:45,655	5897	FtxWebSocketTest	[WebSocketConnectReadThread-14]	onMessage : received {"channel": "ticker", "market": "BTC-PERP", "type": "update", "data": {"bid": 37237.0, "ask": 37238.0, "bidSize": 1.366, "askSize": 0.4018, "last": 37237.0, "time": 1643133645.6272786}}
INFO	2022-01-26 02:00:45,703	5945	FtxWebSocketTest	[WebSocketConnectReadThread-14]	onMessage : received {"channel": "ticker", "market": "BTC-PERP", "type": "update", "data": {"bid": 37237.0, "ask": 37238.0, "bidSize": 1.8728, "askSize": 0.3808, "last": 37237.0, "time": 1643133645.6510515}}
INFO	2022-01-26 02:00:45,706	5948	FtxWebSocketTest	[WebSocketConnectReadThread-14]	onMessage : received {"channel": "ticker", "market": "BTC-PERP", "type": "update", "data": {"bid": 37237.0, "ask": 37238.0, "bidSize": 1.2078, "askSize": 0.1393, "last": 37237.0, "time": 1643133645.6743078}}
INFO	2022-01-26 02:00:45,725	5967	FtxWebSocketTest	[WebSocketConnectReadThread-14]	onMessage : received {"channel": "ticker", "market": "BTC-PERP", "type": "update", "data": {"bid": 37237.0, "ask": 37238.0, "bidSize": 1.3978, "askSize": 0.0401, "last": 37237.0, "time": 1643133645.6963062}}
INFO	2022-01-26 02:00:45,756	5998	FtxWebSocketTest	[WebSocketConnectReadThread-14]	onMessage : received {"channel": "ticker", "market": "BTC-PERP", "type": "update", "data": {"bid": 37237.0, "ask": 37238.0, "bidSize": 1.5878, "askSize": 0.0401, "last": 37237.0, "time": 1643133645.7225168}}
INFO	2022-01-26 02:00:45,779	6021	FtxWebSocketTest	[WebSocketConnectReadThread-14]	onMessage : received {"channel": "ticker", "market": "BTC-PERP", "type": "update", "data": {"bid": 37237.0, "ask": 37238.0, "bidSize": 2.0373, "askSize": 0.0401, "last": 37237.0, "time": 1643133645.7493348}}
INFO	2022-01-26 02:00:45,798	6040	FtxWebSocketTest	[WebSocketConnectReadThread-14]	onMessage : received {"channel": "ticker", "market": "BTC-PERP", "type": "update", "data": {"bid": 37237.0, "ask": 37238.0, "bidSize": 2.2867, "askSize": 0.0401, "last": 37237.0, "time": 1643133645.7710972}}
INFO	2022-01-26 02:00:45,826	6068	FtxWebSocketTest	[WebSocketConnectReadThread-14]	onMessage : received {"channel": "ticker", "market": "BTC-PERP", "type": "update", "data": {"bid": 37237.0, "ask": 37238.0, "bidSize": 2.2867, "askSize": 0.0401, "last": 37237.0, "time": 1643133645.7976766}}
INFO	2022-01-26 02:00:45,849	6091	FtxWebSocketTest	[WebSocketConnectReadThread-14]	onMessage : received {"channel": "ticker", "market": "BTC-PERP", "type": "update", "data": {"bid": 37237.0, "ask": 37238.0, "bidSize": 2.2867, "askSize": 0.0401, "last": 37237.0, "time": 1643133645.8209393}}
INFO	2022-01-26 02:00:45,872	6114	FtxWebSocketTest	[WebSocketConnectReadThread-14]	onMessage : received {"channel": "ticker", "market": "BTC-PERP", "type": "update", "data": {"bid": 37237.0, "ask": 37238.0, "bidSize": 2.2867, "askSize": 0.0401, "last": 37237.0, "time": 1643133645.8453596}}
INFO	2022-01-26 02:00:45,896	6138	FtxWebSocketTest	[WebSocketConnectReadThread-14]	onMessage : received {"channel": "ticker", "market": "BTC-PERP", "type": "update", "data": {"bid": 37237.0, "ask": 37238.0, "bidSize": 2.2867, "askSize": 0.0401, "last": 37237.0, "time": 1643133645.8704326}}
INFO	2022-01-26 02:00:45,926	6168	FtxWebSocketTest	[WebSocketConnectReadThread-14]	onMessage : received {"channel": "ticker", "market": "BTC-PERP", "type": "update", "data": {"bid": 37237.0, "ask": 37238.0, "bidSize": 2.2867, "askSize": 0.0401, "last": 37237.0, "time": 1643133645.896541}}
INFO	2022-01-26 02:00:45,950	6192	FtxWebSocketTest	[WebSocketConnectReadThread-14]	onMessage : received {"channel": "ticker", "market": "BTC-PERP", "type": "update", "data": {"bid": 37237.0, "ask": 37238.0, "bidSize": 2.2867, "askSize": 0.0401, "last": 37237.0, "time": 1643133645.9200442}}
INFO	2022-01-26 02:00:45,975	6217	FtxWebSocketTest	[WebSocketConnectReadThread-14]	onMessage : received {"channel": "ticker", "market": "BTC-PERP", "type": "update", "data": {"bid": 37237.0, "ask": 37238.0, "bidSize": 2.3457, "askSize": 0.0401, "last": 37237.0, "time": 1643133645.9462621}}
INFO	2022-01-26 02:00:45,998	6240	FtxWebSocketTest	[WebSocketConnectReadThread-14]	onMessage : received {"channel": "ticker", "market": "BTC-PERP", "type": "update", "data": {"bid": 37237.0, "ask": 37238.0, "bidSize": 2.3457, "askSize": 0.0401, "last": 37237.0, "time": 1643133645.9714484}}
INFO	2022-01-26 02:00:46,048	6290	FtxWebSocketTest	[WebSocketConnectReadThread-14]	onMessage : received {"channel": "ticker", "market": "BTC-PERP", "type": "update", "data": {"bid": 37237.0, "ask": 37238.0, "bidSize": 2.5457, "askSize": 0.0401, "last": 37237.0, "time": 1643133645.9952831}}
INFO	2022-01-26 02:00:46,052	6294	FtxWebSocketTest	[WebSocketConnectReadThread-14]	onMessage : received {"channel": "ticker", "market": "BTC-PERP", "type": "update", "data": {"bid": 37237.0, "ask": 37238.0, "bidSize": 2.5457, "askSize": 0.0401, "last": 37237.0, "time": 1643133646.0218236}}
INFO	2022-01-26 02:00:46,074	6316	FtxWebSocketTest	[WebSocketConnectReadThread-14]	onMessage : received {"channel": "ticker", "market": "BTC-PERP", "type": "update", "data": {"bid": 37237.0, "ask": 37238.0, "bidSize": 2.5457, "askSize": 0.0401, "last": 37237.0, "time": 1643133646.045873}}
INFO	2022-01-26 02:00:46,102	6344	FtxWebSocketTest	[WebSocketConnectReadThread-14]	onMessage : received {"channel": "ticker", "market": "BTC-PERP", "type": "update", "data": {"bid": 37237.0, "ask": 37238.0, "bidSize": 2.5457, "askSize": 0.0401, "last": 37237.0, "time": 1643133646.0739489}}
INFO	2022-01-26 02:00:46,134	6376	FtxWebSocketTest	[WebSocketConnectReadThread-14]	onMessage : received {"channel": "ticker", "market": "BTC-PERP", "type": "update", "data": {"bid": 37237.0, "ask": 37238.0, "bidSize": 3.0674, "askSize": 0.0401, "last": 37237.0, "time": 1643133646.0991461}}
INFO	2022-01-26 02:00:46,155	6397	FtxWebSocketTest	[WebSocketConnectReadThread-14]	onMessage : received {"channel": "ticker", "market": "BTC-PERP", "type": "update", "data": {"bid": 37237.0, "ask": 37238.0, "bidSize": 3.0674, "askSize": 0.0401, "last": 37237.0, "time": 1643133646.1221037}}
INFO	2022-01-26 02:00:46,206	6448	FtxWebSocketTest	[WebSocketConnectReadThread-14]	onMessage : received {"channel": "ticker", "market": "BTC-PERP", "type": "update", "data": {"bid": 37237.0, "ask": 37238.0, "bidSize": 3.0674, "askSize": 0.0401, "last": 37237.0, "time": 1643133646.1475132}}
INFO	2022-01-26 02:00:46,206	6448	FtxWebSocketTest	[WebSocketConnectReadThread-14]	onMessage : received {"channel": "ticker", "market": "BTC-PERP", "type": "update", "data": {"bid": 37237.0, "ask": 37238.0, "bidSize": 3.0674, "askSize": 0.0401, "last": 37237.0, "time": 1643133646.1726232}}
INFO	2022-01-26 02:00:46,228	6470	FtxWebSocketTest	[WebSocketConnectReadThread-14]	onMessage : received {"channel": "ticker", "market": "BTC-PERP", "type": "update", "data": {"bid": 37237.0, "ask": 37238.0, "bidSize": 3.0674, "askSize": 0.0401, "last": 37237.0, "time": 1643133646.1978238}}
INFO	2022-01-26 02:00:46,268	6510	FtxWebSocketTest	[WebSocketConnectReadThread-14]	onMessage : received {"channel": "ticker", "market": "BTC-PERP", "type": "update", "data": {"bid": 37237.0, "ask": 37238.0, "bidSize": 3.0674, "askSize": 0.0001, "last": 37238.0, "time": 1643133646.2306228}}
INFO	2022-01-26 02:00:46,689	6931	FtxWebSocketTest	[WebSocketConnectReadThread-14]	onMessage : received {"channel": "ticker", "market": "BTC-PERP", "type": "update", "data": {"bid": 37239.0, "ask": 37240.0, "bidSize": 0.7584, "askSize": 0.026, "last": 37238.0, "time": 1643133646.580119}}
INFO	2022-01-26 02:00:46,755	6997	FtxWebSocketTest	[WebSocketConnectReadThread-14]	onMessage : received {"channel": "ticker", "market": "BTC-PERP", "type": "update", "data": {"bid": 37239.0, "ask": 37240.0, "bidSize": 2.693, "askSize": 0.026, "last": 37238.0, "time": 1643133646.7140787}}
INFO	2022-01-26 02:00:46,771	7013	FtxWebSocketTest	[WebSocketConnectReadThread-14]	onMessage : received {"channel": "ticker", "market": "BTC-PERP", "type": "update", "data": {"bid": 37239.0, "ask": 37240.0, "bidSize": 2.693, "askSize": 0.026, "last": 37238.0, "time": 1643133646.7398455}}
INFO	2022-01-26 02:00:46,810	7052	FtxWebSocketTest	[WebSocketConnectReadThread-14]	onMessage : received {"channel": "ticker", "market": "BTC-PERP", "type": "update", "data": {"bid": 37239.0, "ask": 37240.0, "bidSize": 2.693, "askSize": 0.026, "last": 37238.0, "time": 1643133646.7785025}}
INFO	2022-01-26 02:00:46,836	7078	FtxWebSocketTest	[WebSocketConnectReadThread-14]	onMessage : received {"channel": "ticker", "market": "BTC-PERP", "type": "update", "data": {"bid": 37239.0, "ask": 37240.0, "bidSize": 3.1272, "askSize": 0.026, "last": 37238.0, "time": 1643133646.8038414}}
INFO	2022-01-26 02:00:46,874	7116	FtxWebSocketTest	[WebSocketConnectReadThread-14]	onMessage : received {"channel": "ticker", "market": "BTC-PERP", "type": "update", "data": {"bid": 37239.0, "ask": 37240.0, "bidSize": 3.1272, "askSize": 0.026, "last": 37238.0, "time": 1643133646.8311696}}
INFO	2022-01-26 02:00:46,915	7157	FtxWebSocketTest	[WebSocketConnectReadThread-14]	onClosed : Connection closed by us 1000|
INFO	2022-01-26 02:01:44,328	0	FtxWebSocketTest	[main]	BeforeClass : setup
INFO	2022-01-26 02:01:45,622	1294	FtxWebSocketTest	[WebSocketConnectReadThread-13]	alt-svc:h3=":443"; ma=86400, h3-29=":443"; ma=86400
INFO	2022-01-26 02:01:45,623	1295	FtxWebSocketTest	[WebSocketConnectReadThread-13]	CF-Cache-Status:DYNAMIC
INFO	2022-01-26 02:01:45,623	1295	FtxWebSocketTest	[WebSocketConnectReadThread-13]	CF-RAY:6d33689989e4465b-SIN
INFO	2022-01-26 02:01:45,623	1295	FtxWebSocketTest	[WebSocketConnectReadThread-13]	Connection:upgrade
INFO	2022-01-26 02:01:45,623	1295	FtxWebSocketTest	[WebSocketConnectReadThread-13]	Date:Tue, 25 Jan 2022 18:01:45 GMT
INFO	2022-01-26 02:01:45,623	1295	FtxWebSocketTest	[WebSocketConnectReadThread-13]	Expect-CT:max-age=604800, report-uri="https://report-uri.cloudflare.com/cdn-cgi/beacon/expect-ct"
INFO	2022-01-26 02:01:45,623	1295	FtxWebSocketTest	[WebSocketConnectReadThread-13]	Sec-WebSocket-Accept:W9MP3JJ33HDjacTxQXmvQUj6MCY=
INFO	2022-01-26 02:01:45,623	1295	FtxWebSocketTest	[WebSocketConnectReadThread-13]	Server:cloudflare
INFO	2022-01-26 02:01:45,623	1295	FtxWebSocketTest	[WebSocketConnectReadThread-13]	Strict-Transport-Security:max-age=31536000; includeSubDomains; preload
INFO	2022-01-26 02:01:45,623	1295	FtxWebSocketTest	[WebSocketConnectReadThread-13]	Upgrade:websocket
INFO	2022-01-26 02:01:45,623	1295	FtxWebSocketTest	[WebSocketConnectReadThread-13]	X-Content-Type-Options:nosniff
INFO	2022-01-26 02:01:45,623	1295	FtxWebSocketTest	[WebSocketConnectReadThread-13]	onOpen : Connection is opened
INFO	2022-01-26 02:01:46,374	2046	FtxWebSocketTest	[main]	Connection is OPEN
INFO	2022-01-26 02:01:46,574	2246	FtxWebSocketTest	[WebSocketConnectReadThread-13]	onMessage : received {"type": "subscribed", "channel": "ticker", "market": "BTC-PERP"}
INFO	2022-01-26 02:01:46,766	2438	FtxWebSocketTest	[WebSocketConnectReadThread-13]	onMessage : received {"channel": "ticker", "market": "BTC-PERP", "type": "update", "data": {"bid": 37208.0, "ask": 37209.0, "bidSize": 1.2148, "askSize": 1.4179, "last": 37208.0, "time": 1643133706.6943998}}
INFO	2022-01-26 02:01:46,927	2599	FtxWebSocketTest	[WebSocketConnectReadThread-13]	onMessage : received {"channel": "ticker", "market": "BTC-PERP", "type": "update", "data": {"bid": 37204.0, "ask": 37209.0, "bidSize": 0.005, "askSize": 3.5249, "last": 37203.0, "time": 1643133706.868801}}
INFO	2022-01-26 02:01:47,098	2770	FtxWebSocketTest	[WebSocketConnectReadThread-13]	onMessage : received {"channel": "ticker", "market": "BTC-PERP", "type": "update", "data": {"bid": 37205.0, "ask": 37206.0, "bidSize": 0.3503, "askSize": 0.021, "last": 37205.0, "time": 1643133707.046627}}
INFO	2022-01-26 02:01:47,279	2951	FtxWebSocketTest	[WebSocketConnectReadThread-13]	onMessage : received {"channel": "ticker", "market": "BTC-PERP", "type": "update", "data": {"bid": 37205.0, "ask": 37206.0, "bidSize": 1.3892, "askSize": 1.83, "last": 37205.0, "time": 1643133707.2311954}}
INFO	2022-01-26 02:01:47,340	3012	FtxWebSocketTest	[WebSocketConnectReadThread-13]	onMessage : received {"channel": "ticker", "market": "BTC-PERP", "type": "update", "data": {"bid": 37205.0, "ask": 37206.0, "bidSize": 1.3892, "askSize": 1.5685, "last": 37206.0, "time": 1643133707.3035605}}
INFO	2022-01-26 02:01:47,382	3054	FtxWebSocketTest	[WebSocketConnectReadThread-13]	onMessage : received {"channel": "ticker", "market": "BTC-PERP", "type": "update", "data": {"bid": 37205.0, "ask": 37206.0, "bidSize": 0.4298, "askSize": 0.7164, "last": 37206.0, "time": 1643133707.3505619}}
INFO	2022-01-26 02:01:47,396	3068	FtxWebSocketTest	[WebSocketConnectReadThread-13]	onMessage : received {"channel": "ticker", "market": "BTC-PERP", "type": "update", "data": {"bid": 37205.0, "ask": 37206.0, "bidSize": 0.4298, "askSize": 0.893, "last": 37206.0, "time": 1643133707.36857}}
INFO	2022-01-26 02:01:47,426	3098	FtxWebSocketTest	[WebSocketConnectReadThread-13]	onMessage : received {"channel": "ticker", "market": "BTC-PERP", "type": "update", "data": {"bid": 37205.0, "ask": 37206.0, "bidSize": 0.2138, "askSize": 0.893, "last": 37206.0, "time": 1643133707.394551}}
INFO	2022-01-26 02:01:47,458	3130	FtxWebSocketTest	[WebSocketConnectReadThread-13]	onMessage : received {"channel": "ticker", "market": "BTC-PERP", "type": "update", "data": {"bid": 37205.0, "ask": 37206.0, "bidSize": 0.2348, "askSize": 0.6561, "last": 37206.0, "time": 1643133707.424753}}
INFO	2022-01-26 02:01:47,480	3152	FtxWebSocketTest	[WebSocketConnectReadThread-13]	onMessage : received {"channel": "ticker", "market": "BTC-PERP", "type": "update", "data": {"bid": 37205.0, "ask": 37206.0, "bidSize": 0.2348, "askSize": 0.6561, "last": 37206.0, "time": 1643133707.4436765}}
INFO	2022-01-26 02:01:47,496	3168	FtxWebSocketTest	[WebSocketConnectReadThread-13]	onMessage : received {"channel": "ticker", "market": "BTC-PERP", "type": "update", "data": {"bid": 37205.0, "ask": 37206.0, "bidSize": 0.7193, "askSize": 0.6561, "last": 37206.0, "time": 1643133707.468758}}
INFO	2022-01-26 02:01:47,521	3193	FtxWebSocketTest	[WebSocketConnectReadThread-13]	onMessage : received {"channel": "ticker", "market": "BTC-PERP", "type": "update", "data": {"bid": 37205.0, "ask": 37206.0, "bidSize": 0.7193, "askSize": 0.6561, "last": 37206.0, "time": 1643133707.4942849}}
INFO	2022-01-26 02:01:47,549	3221	FtxWebSocketTest	[WebSocketConnectReadThread-13]	onMessage : received {"channel": "ticker", "market": "BTC-PERP", "type": "update", "data": {"bid": 37205.0, "ask": 37206.0, "bidSize": 1.0235, "askSize": 0.6561, "last": 37206.0, "time": 1643133707.518313}}
INFO	2022-01-26 02:01:47,574	3246	FtxWebSocketTest	[WebSocketConnectReadThread-13]	onMessage : received {"channel": "ticker", "market": "BTC-PERP", "type": "update", "data": {"bid": 37205.0, "ask": 37206.0, "bidSize": 1.0235, "askSize": 0.6561, "last": 37206.0, "time": 1643133707.5453284}}
INFO	2022-01-26 02:01:47,597	3269	FtxWebSocketTest	[WebSocketConnectReadThread-13]	onMessage : received {"channel": "ticker", "market": "BTC-PERP", "type": "update", "data": {"bid": 37205.0, "ask": 37206.0, "bidSize": 0.9975, "askSize": 0.6561, "last": 37206.0, "time": 1643133707.568123}}
INFO	2022-01-26 02:01:47,624	3296	FtxWebSocketTest	[WebSocketConnectReadThread-13]	onMessage : received {"channel": "ticker", "market": "BTC-PERP", "type": "update", "data": {"bid": 37205.0, "ask": 37206.0, "bidSize": 0.9975, "askSize": 0.6561, "last": 37206.0, "time": 1643133707.5941255}}
INFO	2022-01-26 02:01:47,693	3365	FtxWebSocketTest	[WebSocketConnectReadThread-13]	onMessage : received {"channel": "ticker", "market": "BTC-PERP", "type": "update", "data": {"bid": 37205.0, "ask": 37206.0, "bidSize": 1.2317, "askSize": 0.6561, "last": 37206.0, "time": 1643133707.6273687}}
INFO	2022-01-26 02:01:47,693	3365	FtxWebSocketTest	[WebSocketConnectReadThread-13]	onMessage : received {"channel": "ticker", "market": "BTC-PERP", "type": "update", "data": {"bid": 37205.0, "ask": 37206.0, "bidSize": 1.2317, "askSize": 0.6561, "last": 37206.0, "time": 1643133707.6425707}}
INFO	2022-01-26 02:01:47,713	3385	FtxWebSocketTest	[WebSocketConnectReadThread-13]	onMessage : received {"channel": "ticker", "market": "BTC-PERP", "type": "update", "data": {"bid": 37205.0, "ask": 37206.0, "bidSize": 1.2317, "askSize": 0.6561, "last": 37206.0, "time": 1643133707.6675742}}
INFO	2022-01-26 02:01:47,720	3392	FtxWebSocketTest	[WebSocketConnectReadThread-13]	onMessage : received {"channel": "ticker", "market": "BTC-PERP", "type": "update", "data": {"bid": 37205.0, "ask": 37206.0, "bidSize": 1.4477, "askSize": 0.7061, "last": 37206.0, "time": 1643133707.6935906}}
INFO	2022-01-26 02:01:47,751	3423	FtxWebSocketTest	[WebSocketConnectReadThread-13]	onMessage : received {"channel": "ticker", "market": "BTC-PERP", "type": "update", "data": {"bid": 37205.0, "ask": 37206.0, "bidSize": 1.2317, "askSize": 0.7061, "last": 37206.0, "time": 1643133707.7209144}}
INFO	2022-01-26 02:01:47,769	3441	FtxWebSocketTest	[WebSocketConnectReadThread-13]	onMessage : received {"channel": "ticker", "market": "BTC-PERP", "type": "update", "data": {"bid": 37205.0, "ask": 37206.0, "bidSize": 1.2317, "askSize": 0.4351, "last": 37206.0, "time": 1643133707.7423685}}
INFO	2022-01-26 02:01:47,802	3474	FtxWebSocketTest	[WebSocketConnectReadThread-13]	onMessage : received {"channel": "ticker", "market": "BTC-PERP", "type": "update", "data": {"bid": 37205.0, "ask": 37206.0, "bidSize": 1.2317, "askSize": 0.0685, "last": 37206.0, "time": 1643133707.7687047}}
INFO	2022-01-26 02:01:47,824	3496	FtxWebSocketTest	[WebSocketConnectReadThread-13]	onMessage : received {"channel": "ticker", "market": "BTC-PERP", "type": "update", "data": {"bid": 37205.0, "ask": 37206.0, "bidSize": 1.2317, "askSize": 0.0685, "last": 37206.0, "time": 1643133707.794466}}
INFO	2022-01-26 02:01:47,849	3521	FtxWebSocketTest	[WebSocketConnectReadThread-13]	onMessage : received {"channel": "ticker", "market": "BTC-PERP", "type": "update", "data": {"bid": 37205.0, "ask": 37206.0, "bidSize": 1.94, "askSize": 0.0685, "last": 37206.0, "time": 1643133707.8196857}}
INFO	2022-01-26 02:01:47,873	3545	FtxWebSocketTest	[WebSocketConnectReadThread-13]	onMessage : received {"channel": "ticker", "market": "BTC-PERP", "type": "update", "data": {"bid": 37205.0, "ask": 37206.0, "bidSize": 1.94, "askSize": 0.061, "last": 37206.0, "time": 1643133707.8444219}}
INFO	2022-01-26 02:01:47,896	3568	FtxWebSocketTest	[WebSocketConnectReadThread-13]	onMessage : received {"channel": "ticker", "market": "BTC-PERP", "type": "update", "data": {"bid": 37205.0, "ask": 37206.0, "bidSize": 1.94, "askSize": 0.061, "last": 37206.0, "time": 1643133707.8685684}}
INFO	2022-01-26 02:01:47,921	3593	FtxWebSocketTest	[WebSocketConnectReadThread-13]	onMessage : received {"channel": "ticker", "market": "BTC-PERP", "type": "update", "data": {"bid": 37205.0, "ask": 37206.0, "bidSize": 1.94, "askSize": 0.061, "last": 37206.0, "time": 1643133707.893097}}
INFO	2022-01-26 02:01:47,949	3621	FtxWebSocketTest	[WebSocketConnectReadThread-13]	onMessage : received {"channel": "ticker", "market": "BTC-PERP", "type": "update", "data": {"bid": 37205.0, "ask": 37206.0, "bidSize": 1.94, "askSize": 0.061, "last": 37206.0, "time": 1643133707.9196405}}
INFO	2022-01-26 02:01:47,972	3644	FtxWebSocketTest	[WebSocketConnectReadThread-13]	onMessage : received {"channel": "ticker", "market": "BTC-PERP", "type": "update", "data": {"bid": 37205.0, "ask": 37206.0, "bidSize": 1.94, "askSize": 0.061, "last": 37206.0, "time": 1643133707.9438047}}
INFO	2022-01-26 02:01:47,996	3668	FtxWebSocketTest	[WebSocketConnectReadThread-13]	onMessage : received {"channel": "ticker", "market": "BTC-PERP", "type": "update", "data": {"bid": 37205.0, "ask": 37206.0, "bidSize": 2.3369, "askSize": 0.061, "last": 37206.0, "time": 1643133707.9694216}}
INFO	2022-01-26 02:01:48,048	3720	FtxWebSocketTest	[WebSocketConnectReadThread-13]	onMessage : received {"channel": "ticker", "market": "BTC-PERP", "type": "update", "data": {"bid": 37205.0, "ask": 37206.0, "bidSize": 2.3369, "askSize": 0.061, "last": 37206.0, "time": 1643133707.9944324}}
INFO	2022-01-26 02:01:48,069	3741	FtxWebSocketTest	[WebSocketConnectReadThread-13]	onMessage : received {"channel": "ticker", "market": "BTC-PERP", "type": "update", "data": {"bid": 37205.0, "ask": 37206.0, "bidSize": 2.3369, "askSize": 0.011, "last": 37206.0, "time": 1643133708.0195887}}
INFO	2022-01-26 02:01:48,102	3774	FtxWebSocketTest	[WebSocketConnectReadThread-13]	onMessage : received {"channel": "ticker", "market": "BTC-PERP", "type": "update", "data": {"bid": 37205.0, "ask": 37206.0, "bidSize": 2.3369, "askSize": 0.011, "last": 37206.0, "time": 1643133708.0448415}}
INFO	2022-01-26 02:01:48,131	3803	FtxWebSocketTest	[WebSocketConnectReadThread-13]	onMessage : received {"channel": "ticker", "market": "BTC-PERP", "type": "update", "data": {"bid": 37206.0, "ask": 37208.0, "bidSize": 0.061, "askSize": 0.0101, "last": 37206.0, "time": 1643133708.076196}}
INFO	2022-01-26 02:01:48,216	3888	FtxWebSocketTest	[WebSocketConnectReadThread-13]	onMessage : received {"channel": "ticker", "market": "BTC-PERP", "type": "update", "data": {"bid": 37207.0, "ask": 37208.0, "bidSize": 1.6565, "askSize": 0.0101, "last": 37206.0, "time": 1643133708.1666203}}
INFO	2022-01-26 02:01:48,236	3908	FtxWebSocketTest	[WebSocketConnectReadThread-13]	onMessage : received {"channel": "ticker", "market": "BTC-PERP", "type": "update", "data": {"bid": 37207.0, "ask": 37208.0, "bidSize": 2.0037, "askSize": 0.0101, "last": 37206.0, "time": 1643133708.1940675}}
INFO	2022-01-26 02:01:48,247	3919	FtxWebSocketTest	[WebSocketConnectReadThread-13]	onMessage : received {"channel": "ticker", "market": "BTC-PERP", "type": "update", "data": {"bid": 37207.0, "ask": 37208.0, "bidSize": 1.8067, "askSize": 0.0101, "last": 37206.0, "time": 1643133708.2089708}}
INFO	2022-01-26 02:01:48,270	3942	FtxWebSocketTest	[WebSocketConnectReadThread-13]	onMessage : received {"channel": "ticker", "market": "BTC-PERP", "type": "update", "data": {"bid": 37207.0, "ask": 37208.0, "bidSize": 1.8067, "askSize": 0.0101, "last": 37206.0, "time": 1643133708.2350929}}
INFO	2022-01-26 02:01:48,287	3959	FtxWebSocketTest	[WebSocketConnectReadThread-13]	onMessage : received {"channel": "ticker", "market": "BTC-PERP", "type": "update", "data": {"bid": 37207.0, "ask": 37208.0, "bidSize": 1.8067, "askSize": 0.0101, "last": 37206.0, "time": 1643133708.2588434}}
INFO	2022-01-26 02:01:48,313	3985	FtxWebSocketTest	[WebSocketConnectReadThread-13]	onMessage : received {"channel": "ticker", "market": "BTC-PERP", "type": "update", "data": {"bid": 37207.0, "ask": 37208.0, "bidSize": 2.0752, "askSize": 0.0311, "last": 37206.0, "time": 1643133708.2845619}}
INFO	2022-01-26 02:01:48,348	4020	FtxWebSocketTest	[WebSocketConnectReadThread-13]	onMessage : received {"channel": "ticker", "market": "BTC-PERP", "type": "update", "data": {"bid": 37207.0, "ask": 37208.0, "bidSize": 2.3952, "askSize": 1.2411, "last": 37206.0, "time": 1643133708.3110843}}
INFO	2022-01-26 02:01:48,373	4045	FtxWebSocketTest	[WebSocketConnectReadThread-13]	onMessage : received {"channel": "ticker", "market": "BTC-PERP", "type": "update", "data": {"bid": 37207.0, "ask": 37208.0, "bidSize": 2.1242, "askSize": 1.4831, "last": 37206.0, "time": 1643133708.3383763}}
INFO	2022-01-26 02:01:48,394	4066	FtxWebSocketTest	[WebSocketConnectReadThread-13]	onMessage : received {"channel": "ticker", "market": "BTC-PERP", "type": "update", "data": {"bid": 37207.0, "ask": 37208.0, "bidSize": 2.1242, "askSize": 1.4831, "last": 37206.0, "time": 1643133708.362997}}
INFO	2022-01-26 02:01:48,415	4087	FtxWebSocketTest	[WebSocketConnectReadThread-13]	onMessage : received {"channel": "ticker", "market": "BTC-PERP", "type": "update", "data": {"bid": 37207.0, "ask": 37208.0, "bidSize": 2.1252, "askSize": 0.4631, "last": 37206.0, "time": 1643133708.3843334}}
INFO	2022-01-26 02:01:48,449	4121	FtxWebSocketTest	[WebSocketConnectReadThread-13]	onMessage : received {"channel": "ticker", "market": "BTC-PERP", "type": "update", "data": {"bid": 37207.0, "ask": 37208.0, "bidSize": 2.1252, "askSize": 0.6451, "last": 37208.0, "time": 1643133708.413583}}
INFO	2022-01-26 02:01:48,744	4416	FtxWebSocketTest	[WebSocketConnectReadThread-13]	onMessage : received {"channel": "ticker", "market": "BTC-PERP", "type": "update", "data": {"bid": 37207.0, "ask": 37208.0, "bidSize": 7.8813, "askSize": 0.2131, "last": 37208.0, "time": 1643133708.642366}}
INFO	2022-01-26 02:01:48,746	4418	FtxWebSocketTest	[WebSocketConnectReadThread-13]	onMessage : received {"channel": "ticker", "market": "BTC-PERP", "type": "update", "data": {"bid": 37207.0, "ask": 37208.0, "bidSize": 7.8813, "askSize": 0.2131, "last": 37208.0, "time": 1643133708.6622634}}
INFO	2022-01-26 02:01:48,746	4418	FtxWebSocketTest	[WebSocketConnectReadThread-13]	onMessage : received {"channel": "ticker", "market": "BTC-PERP", "type": "update", "data": {"bid": 37207.0, "ask": 37208.0, "bidSize": 7.8813, "askSize": 0.2131, "last": 37208.0, "time": 1643133708.6906838}}
INFO	2022-01-26 02:01:48,747	4419	FtxWebSocketTest	[WebSocketConnectReadThread-13]	onMessage : received {"channel": "ticker", "market": "BTC-PERP", "type": "update", "data": {"bid": 37207.0, "ask": 37208.0, "bidSize": 7.8813, "askSize": 0.6451, "last": 37208.0, "time": 1643133708.712575}}
INFO	2022-01-26 02:01:48,777	4449	FtxWebSocketTest	[WebSocketConnectReadThread-13]	onMessage : received {"channel": "ticker", "market": "BTC-PERP", "type": "update", "data": {"bid": 37207.0, "ask": 37208.0, "bidSize": 7.8813, "askSize": 0.6451, "last": 37208.0, "time": 1643133708.741211}}
INFO	2022-01-26 02:01:48,794	4466	FtxWebSocketTest	[WebSocketConnectReadThread-13]	onMessage : received {"channel": "ticker", "market": "BTC-PERP", "type": "update", "data": {"bid": 37207.0, "ask": 37208.0, "bidSize": 7.8813, "askSize": 0.6451, "last": 37208.0, "time": 1643133708.7641523}}
INFO	2022-01-26 02:01:48,828	4500	FtxWebSocketTest	[WebSocketConnectReadThread-13]	onMessage : received {"channel": "ticker", "market": "BTC-PERP", "type": "update", "data": {"bid": 37207.0, "ask": 37208.0, "bidSize": 7.8813, "askSize": 0.2131, "last": 37208.0, "time": 1643133708.7913525}}
INFO	2022-01-26 02:01:48,891	4563	FtxWebSocketTest	[WebSocketConnectReadThread-13]	onMessage : received {"channel": "ticker", "market": "BTC-PERP", "type": "update", "data": {"bid": 37207.0, "ask": 37208.0, "bidSize": 8.0713, "askSize": 0.2131, "last": 37208.0, "time": 1643133708.8121624}}
INFO	2022-01-26 02:01:48,891	4563	FtxWebSocketTest	[WebSocketConnectReadThread-13]	onMessage : received {"channel": "ticker", "market": "BTC-PERP", "type": "update", "data": {"bid": 37207.0, "ask": 37208.0, "bidSize": 8.0713, "askSize": 0.2131, "last": 37208.0, "time": 1643133708.8381653}}
INFO	2022-01-26 02:01:48,968	4640	FtxWebSocketTest	[WebSocketConnectReadThread-13]	onMessage : received {"channel": "ticker", "market": "BTC-PERP", "type": "update", "data": {"bid": 37207.0, "ask": 37208.0, "bidSize": 8.0713, "askSize": 0.2131, "last": 37208.0, "time": 1643133708.8618467}}
INFO	2022-01-26 02:01:48,968	4640	FtxWebSocketTest	[WebSocketConnectReadThread-13]	onMessage : received {"channel": "ticker", "market": "BTC-PERP", "type": "update", "data": {"bid": 37207.0, "ask": 37208.0, "bidSize": 8.0713, "askSize": 0.2131, "last": 37208.0, "time": 1643133708.887503}}
INFO	2022-01-26 02:01:48,968	4640	FtxWebSocketTest	[WebSocketConnectReadThread-13]	onMessage : received {"channel": "ticker", "market": "BTC-PERP", "type": "update", "data": {"bid": 37207.0, "ask": 37208.0, "bidSize": 8.0713, "askSize": 0.2131, "last": 37208.0, "time": 1643133708.9122517}}
INFO	2022-01-26 02:01:48,969	4641	FtxWebSocketTest	[WebSocketConnectReadThread-13]	onMessage : received {"channel": "ticker", "market": "BTC-PERP", "type": "update", "data": {"bid": 37207.0, "ask": 37208.0, "bidSize": 8.0713, "askSize": 0.2131, "last": 37208.0, "time": 1643133708.938723}}
INFO	2022-01-26 02:01:48,992	4664	FtxWebSocketTest	[WebSocketConnectReadThread-13]	onMessage : received {"channel": "ticker", "market": "BTC-PERP", "type": "update", "data": {"bid": 37207.0, "ask": 37208.0, "bidSize": 8.0713, "askSize": 0.2131, "last": 37208.0, "time": 1643133708.9626064}}
INFO	2022-01-26 02:01:49,042	4714	FtxWebSocketTest	[WebSocketConnectReadThread-13]	onMessage : received {"channel": "ticker", "market": "BTC-PERP", "type": "update", "data": {"bid": 37207.0, "ask": 37208.0, "bidSize": 8.0713, "askSize": 0.2131, "last": 37208.0, "time": 1643133708.9900343}}
INFO	2022-01-26 02:01:49,044	4716	FtxWebSocketTest	[WebSocketConnectReadThread-13]	onMessage : received {"channel": "ticker", "market": "BTC-PERP", "type": "update", "data": {"bid": 37207.0, "ask": 37208.0, "bidSize": 8.0713, "askSize": 0.2131, "last": 37208.0, "time": 1643133709.0135956}}
INFO	2022-01-26 02:01:49,104	4776	FtxWebSocketTest	[WebSocketConnectReadThread-13]	onMessage : received {"channel": "ticker", "market": "BTC-PERP", "type": "update", "data": {"bid": 37207.0, "ask": 37208.0, "bidSize": 8.2873, "askSize": 0.0231, "last": 37208.0, "time": 1643133709.0700567}}
INFO	2022-01-26 02:01:49,122	4794	FtxWebSocketTest	[WebSocketConnectReadThread-13]	onMessage : received {"channel": "ticker", "market": "BTC-PERP", "type": "update", "data": {"bid": 37207.0, "ask": 37208.0, "bidSize": 8.2873, "askSize": 0.0231, "last": 37208.0, "time": 1643133709.0908742}}
INFO	2022-01-26 02:01:49,149	4821	FtxWebSocketTest	[WebSocketConnectReadThread-13]	onMessage : received {"channel": "ticker", "market": "BTC-PERP", "type": "update", "data": {"bid": 37207.0, "ask": 37208.0, "bidSize": 8.2873, "askSize": 0.0021, "last": 37208.0, "time": 1643133709.115523}}
INFO	2022-01-26 02:01:49,174	4846	FtxWebSocketTest	[WebSocketConnectReadThread-13]	onMessage : received {"channel": "ticker", "market": "BTC-PERP", "type": "update", "data": {"bid": 37207.0, "ask": 37209.0, "bidSize": 8.3123, "askSize": 0.025, "last": 37208.0, "time": 1643133709.1402972}}
INFO	2022-01-26 02:01:49,196	4868	FtxWebSocketTest	[WebSocketConnectReadThread-13]	onMessage : received {"channel": "ticker", "market": "BTC-PERP", "type": "update", "data": {"bid": 37207.0, "ask": 37209.0, "bidSize": 8.7046, "askSize": 0.025, "last": 37208.0, "time": 1643133709.166705}}
INFO	2022-01-26 02:01:49,220	4892	FtxWebSocketTest	[WebSocketConnectReadThread-13]	onMessage : received {"channel": "ticker", "market": "BTC-PERP", "type": "update", "data": {"bid": 37208.0, "ask": 37209.0, "bidSize": 0.539, "askSize": 0.025, "last": 37208.0, "time": 1643133709.1897247}}
INFO	2022-01-26 02:01:49,284	4956	FtxWebSocketTest	[WebSocketConnectReadThread-13]	onMessage : received {"channel": "ticker", "market": "BTC-PERP", "type": "update", "data": {"bid": 37208.0, "ask": 37209.0, "bidSize": 2.1088, "askSize": 0.025, "last": 37208.0, "time": 1643133709.2190652}}
INFO	2022-01-26 02:01:49,284	4956	FtxWebSocketTest	[WebSocketConnectReadThread-13]	onMessage : received {"channel": "ticker", "market": "BTC-PERP", "type": "update", "data": {"bid": 37208.0, "ask": 37209.0, "bidSize": 2.1528, "askSize": 0.025, "last": 37208.0, "time": 1643133709.2385805}}
INFO	2022-01-26 02:01:49,296	4968	FtxWebSocketTest	[WebSocketConnectReadThread-13]	onMessage : received {"channel": "ticker", "market": "BTC-PERP", "type": "update", "data": {"bid": 37208.0, "ask": 37209.0, "bidSize": 8.7788, "askSize": 0.025, "last": 37208.0, "time": 1643133709.2657287}}
INFO	2022-01-26 02:01:49,352	5024	FtxWebSocketTest	[WebSocketConnectReadThread-13]	onMessage : received {"channel": "ticker", "market": "BTC-PERP", "type": "update", "data": {"bid": 37208.0, "ask": 37209.0, "bidSize": 8.7788, "askSize": 0.025, "last": 37208.0, "time": 1643133709.288384}}
INFO	2022-01-26 02:01:49,353	5025	FtxWebSocketTest	[WebSocketConnectReadThread-13]	onMessage : received {"channel": "ticker", "market": "BTC-PERP", "type": "update", "data": {"bid": 37208.0, "ask": 37209.0, "bidSize": 9.813, "askSize": 0.025, "last": 37208.0, "time": 1643133709.3150082}}
INFO	2022-01-26 02:01:49,371	5043	FtxWebSocketTest	[WebSocketConnectReadThread-13]	onMessage : received {"channel": "ticker", "market": "BTC-PERP", "type": "update", "data": {"bid": 37208.0, "ask": 37209.0, "bidSize": 9.806, "askSize": 0.025, "last": 37208.0, "time": 1643133709.3398433}}
INFO	2022-01-26 02:01:49,443	5115	FtxWebSocketTest	[WebSocketConnectReadThread-13]	onMessage : received {"channel": "ticker", "market": "BTC-PERP", "type": "update", "data": {"bid": 37208.0, "ask": 37209.0, "bidSize": 9.806, "askSize": 4.5518, "last": 37208.0, "time": 1643133709.3690753}}
INFO	2022-01-26 02:01:49,443	5115	FtxWebSocketTest	[WebSocketConnectReadThread-13]	onMessage : received {"channel": "ticker", "market": "BTC-PERP", "type": "update", "data": {"bid": 37208.0, "ask": 37209.0, "bidSize": 9.806, "askSize": 4.5518, "last": 37208.0, "time": 1643133709.388301}}
INFO	2022-01-26 02:01:49,478	5150	FtxWebSocketTest	[WebSocketConnectReadThread-13]	onMessage : received {"channel": "ticker", "market": "BTC-PERP", "type": "update", "data": {"bid": 37208.0, "ask": 37209.0, "bidSize": 9.535, "askSize": 0.215, "last": 37208.0, "time": 1643133709.419783}}
INFO	2022-01-26 02:01:49,478	5150	FtxWebSocketTest	[WebSocketConnectReadThread-13]	onMessage : received {"channel": "ticker", "market": "BTC-PERP", "type": "update", "data": {"bid": 37208.0, "ask": 37209.0, "bidSize": 9.535, "askSize": 0.4126, "last": 37208.0, "time": 1643133709.4380329}}
INFO	2022-01-26 02:01:49,494	5166	FtxWebSocketTest	[WebSocketConnectReadThread-13]	onMessage : received {"channel": "ticker", "market": "BTC-PERP", "type": "update", "data": {"bid": 37208.0, "ask": 37209.0, "bidSize": 9.535, "askSize": 0.4126, "last": 37208.0, "time": 1643133709.463977}}
INFO	2022-01-26 02:01:49,517	5189	FtxWebSocketTest	[WebSocketConnectReadThread-13]	onMessage : received {"channel": "ticker", "market": "BTC-PERP", "type": "update", "data": {"bid": 37208.0, "ask": 37209.0, "bidSize": 9.752, "askSize": 0.4126, "last": 37208.0, "time": 1643133709.4875505}}
INFO	2022-01-26 02:01:49,541	5213	FtxWebSocketTest	[WebSocketConnectReadThread-13]	onMessage : received {"channel": "ticker", "market": "BTC-PERP", "type": "update", "data": {"bid": 37208.0, "ask": 37209.0, "bidSize": 9.752, "askSize": 0.3916, "last": 37208.0, "time": 1643133709.5132124}}
INFO	2022-01-26 02:01:49,564	5236	FtxWebSocketTest	[WebSocketConnectReadThread-13]	onMessage : received {"channel": "ticker", "market": "BTC-PERP", "type": "update", "data": {"bid": 37208.0, "ask": 37209.0, "bidSize": 9.752, "askSize": 0.3916, "last": 37208.0, "time": 1643133709.53749}}
INFO	2022-01-26 02:01:49,593	5265	FtxWebSocketTest	[WebSocketConnectReadThread-13]	onMessage : received {"channel": "ticker", "market": "BTC-PERP", "type": "update", "data": {"bid": 37208.0, "ask": 37209.0, "bidSize": 9.752, "askSize": 0.3916, "last": 37208.0, "time": 1643133709.5633097}}
INFO	2022-01-26 02:01:49,616	5288	FtxWebSocketTest	[WebSocketConnectReadThread-13]	onMessage : received {"channel": "ticker", "market": "BTC-PERP", "type": "update", "data": {"bid": 37208.0, "ask": 37209.0, "bidSize": 9.752, "askSize": 0.3916, "last": 37208.0, "time": 1643133709.5874813}}
INFO	2022-01-26 02:01:49,662	5334	FtxWebSocketTest	[WebSocketConnectReadThread-13]	onMessage : received {"channel": "ticker", "market": "BTC-PERP", "type": "update", "data": {"bid": 37208.0, "ask": 37209.0, "bidSize": 9.536, "askSize": 0.3916, "last": 37208.0, "time": 1643133709.6297119}}
INFO	2022-01-26 02:01:49,667	5339	FtxWebSocketTest	[WebSocketConnectReadThread-13]	onMessage : received {"channel": "ticker", "market": "BTC-PERP", "type": "update", "data": {"bid": 37208.0, "ask": 37209.0, "bidSize": 9.536, "askSize": 0.3916, "last": 37208.0, "time": 1643133709.640299}}
INFO	2022-01-26 02:01:49,698	5370	FtxWebSocketTest	[WebSocketConnectReadThread-13]	onMessage : received {"channel": "ticker", "market": "BTC-PERP", "type": "update", "data": {"bid": 37208.0, "ask": 37209.0, "bidSize": 9.536, "askSize": 0.3916, "last": 37208.0, "time": 1643133709.6662676}}
INFO	2022-01-26 02:01:49,723	5395	FtxWebSocketTest	[WebSocketConnectReadThread-13]	onMessage : received {"channel": "ticker", "market": "BTC-PERP", "type": "update", "data": {"bid": 37208.0, "ask": 37209.0, "bidSize": 9.536, "askSize": 0.3916, "last": 37208.0, "time": 1643133709.6910465}}
INFO	2022-01-26 02:01:49,750	5422	FtxWebSocketTest	[WebSocketConnectReadThread-13]	onMessage : received {"channel": "ticker", "market": "BTC-PERP", "type": "update", "data": {"bid": 37208.0, "ask": 37209.0, "bidSize": 9.536, "askSize": 0.3916, "last": 37208.0, "time": 1643133709.7165673}}
INFO	2022-01-26 02:01:49,781	5453	FtxWebSocketTest	[WebSocketConnectReadThread-13]	onMessage : received {"channel": "ticker", "market": "BTC-PERP", "type": "update", "data": {"bid": 37208.0, "ask": 37209.0, "bidSize": 9.509, "askSize": 0.3916, "last": 37208.0, "time": 1643133709.745776}}
INFO	2022-01-26 02:01:49,849	5521	FtxWebSocketTest	[WebSocketConnectReadThread-13]	onMessage : received {"channel": "ticker", "market": "BTC-PERP", "type": "update", "data": {"bid": 37208.0, "ask": 37209.0, "bidSize": 9.509, "askSize": 0.3916, "last": 37208.0, "time": 1643133709.8134174}}
INFO	2022-01-26 02:01:49,871	5543	FtxWebSocketTest	[WebSocketConnectReadThread-13]	onMessage : received {"channel": "ticker", "market": "BTC-PERP", "type": "update", "data": {"bid": 37208.0, "ask": 37209.0, "bidSize": 9.509, "askSize": 0.3916, "last": 37208.0, "time": 1643133709.8391962}}
INFO	2022-01-26 02:01:49,918	5590	FtxWebSocketTest	[WebSocketConnectReadThread-13]	onMessage : received {"channel": "ticker", "market": "BTC-PERP", "type": "update", "data": {"bid": 37208.0, "ask": 37209.0, "bidSize": 9.509, "askSize": 0.3916, "last": 37208.0, "time": 1643133709.8879285}}
INFO	2022-01-26 02:01:49,942	5614	FtxWebSocketTest	[WebSocketConnectReadThread-13]	onMessage : received {"channel": "ticker", "market": "BTC-PERP", "type": "update", "data": {"bid": 37208.0, "ask": 37209.0, "bidSize": 9.509, "askSize": 0.2016, "last": 37208.0, "time": 1643133709.9129705}}
INFO	2022-01-26 02:01:49,979	5651	FtxWebSocketTest	[WebSocketConnectReadThread-13]	onMessage : received {"channel": "ticker", "market": "BTC-PERP", "type": "update", "data": {"bid": 37208.0, "ask": 37209.0, "bidSize": 9.725, "askSize": 0.025, "last": 37208.0, "time": 1643133709.9386706}}
INFO	2022-01-26 02:01:49,998	5670	FtxWebSocketTest	[WebSocketConnectReadThread-13]	onMessage : received {"channel": "ticker", "market": "BTC-PERP", "type": "update", "data": {"bid": 37208.0, "ask": 37209.0, "bidSize": 9.725, "askSize": 0.025, "last": 37208.0, "time": 1643133709.965399}}
INFO	2022-01-26 02:01:50,020	5692	FtxWebSocketTest	[WebSocketConnectReadThread-13]	onMessage : received {"channel": "ticker", "market": "BTC-PERP", "type": "update", "data": {"bid": 37208.0, "ask": 37209.0, "bidSize": 9.725, "askSize": 0.025, "last": 37208.0, "time": 1643133709.988784}}
INFO	2022-01-26 02:01:50,061	5733	FtxWebSocketTest	[WebSocketConnectReadThread-13]	onMessage : received {"channel": "ticker", "market": "BTC-PERP", "type": "update", "data": {"bid": 37208.0, "ask": 37209.0, "bidSize": 9.725, "askSize": 0.025, "last": 37208.0, "time": 1643133710.0204449}}
INFO	2022-01-26 02:01:50,098	5770	FtxWebSocketTest	[WebSocketConnectReadThread-13]	onMessage : received {"channel": "ticker", "market": "BTC-PERP", "type": "update", "data": {"bid": 37208.0, "ask": 37209.0, "bidSize": 9.725, "askSize": 0.025, "last": 37208.0, "time": 1643133710.063804}}
INFO	2022-01-26 02:01:50,119	5791	FtxWebSocketTest	[WebSocketConnectReadThread-13]	onMessage : received {"channel": "ticker", "market": "BTC-PERP", "type": "update", "data": {"bid": 37208.0, "ask": 37209.0, "bidSize": 9.725, "askSize": 0.025, "last": 37208.0, "time": 1643133710.0886924}}
INFO	2022-01-26 02:01:50,141	5813	FtxWebSocketTest	[WebSocketConnectReadThread-13]	onMessage : received {"channel": "ticker", "market": "BTC-PERP", "type": "update", "data": {"bid": 37208.0, "ask": 37209.0, "bidSize": 9.725, "askSize": 0.025, "last": 37208.0, "time": 1643133710.1123464}}
INFO	2022-01-26 02:01:50,170	5842	FtxWebSocketTest	[WebSocketConnectReadThread-13]	onMessage : received {"channel": "ticker", "market": "BTC-PERP", "type": "update", "data": {"bid": 37208.0, "ask": 37209.0, "bidSize": 9.725, "askSize": 0.025, "last": 37208.0, "time": 1643133710.137897}}
INFO	2022-01-26 02:01:50,223	5895	FtxWebSocketTest	[WebSocketConnectReadThread-13]	onMessage : received {"channel": "ticker", "market": "BTC-PERP", "type": "update", "data": {"bid": 37210.0, "ask": 37212.0, "bidSize": 0.425, "askSize": 0.1445, "last": 37209.0, "time": 1643133710.1707635}}
INFO	2022-01-26 02:01:50,326	5998	FtxWebSocketTest	[WebSocketConnectReadThread-13]	onMessage : received {"channel": "ticker", "market": "BTC-PERP", "type": "update", "data": {"bid": 37211.0, "ask": 37212.0, "bidSize": 0.819, "askSize": 0.1345, "last": 37209.0, "time": 1643133710.2684093}}
INFO	2022-01-26 02:01:50,337	6009	FtxWebSocketTest	[WebSocketConnectReadThread-13]	onMessage : received {"channel": "ticker", "market": "BTC-PERP", "type": "update", "data": {"bid": 37211.0, "ask": 37212.0, "bidSize": 2.1812, "askSize": 0.1345, "last": 37209.0, "time": 1643133710.3062162}}
INFO	2022-01-26 02:01:50,364	6036	FtxWebSocketTest	[WebSocketConnectReadThread-13]	onMessage : received {"channel": "ticker", "market": "BTC-PERP", "type": "update", "data": {"bid": 37211.0, "ask": 37214.0, "bidSize": 2.3555, "askSize": 0.3721, "last": 37212.0, "time": 1643133710.3300045}}
INFO	2022-01-26 02:01:50,484	6156	FtxWebSocketTest	[WebSocketConnectReadThread-13]	onMessage : received {"channel": "ticker", "market": "BTC-PERP", "type": "update", "data": {"bid": 37213.0, "ask": 37216.0, "bidSize": 2.5397, "askSize": 0.4255, "last": 37214.0, "time": 1643133710.4337637}}
INFO	2022-01-26 02:01:50,533	6205	FtxWebSocketTest	[WebSocketConnectReadThread-13]	onMessage : received {"channel": "ticker", "market": "BTC-PERP", "type": "update", "data": {"bid": 37213.0, "ask": 37214.0, "bidSize": 2.3727, "askSize": 0.19, "last": 37214.0, "time": 1643133710.4964035}}
INFO	2022-01-26 02:01:50,567	6239	FtxWebSocketTest	[WebSocketConnectReadThread-13]	onMessage : received {"channel": "ticker", "market": "BTC-PERP", "type": "update", "data": {"bid": 37213.0, "ask": 37214.0, "bidSize": 1.7867, "askSize": 0.19, "last": 37214.0, "time": 1643133710.5295658}}
INFO	2022-01-26 02:01:50,582	6254	FtxWebSocketTest	[WebSocketConnectReadThread-13]	onMessage : received {"channel": "ticker", "market": "BTC-PERP", "type": "update", "data": {"bid": 37215.0, "ask": 37216.0, "bidSize": 0.216, "askSize": 0.4081, "last": 37214.0, "time": 1643133710.5533977}}
INFO	2022-01-26 02:01:50,612	6284	FtxWebSocketTest	[WebSocketConnectReadThread-13]	onMessage : received {"channel": "ticker", "market": "BTC-PERP", "type": "update", "data": {"bid": 37215.0, "ask": 37216.0, "bidSize": 0.3366, "askSize": 0.4081, "last": 37214.0, "time": 1643133710.579448}}
INFO	2022-01-26 02:01:50,662	6334	FtxWebSocketTest	[WebSocketConnectReadThread-13]	onMessage : received {"channel": "ticker", "market": "BTC-PERP", "type": "update", "data": {"bid": 37215.0, "ask": 37216.0, "bidSize": 0.5366, "askSize": 0.2997, "last": 37214.0, "time": 1643133710.6041195}}
INFO	2022-01-26 02:01:50,697	6369	FtxWebSocketTest	[WebSocketConnectReadThread-13]	onMessage : received {"channel": "ticker", "market": "BTC-PERP", "type": "update", "data": {"bid": 37215.0, "ask": 37217.0, "bidSize": 1.3488, "askSize": 0.2483, "last": 37216.0, "time": 1643133710.6516998}}
INFO	2022-01-26 02:01:50,789	6461	FtxWebSocketTest	[WebSocketConnectReadThread-13]	onMessage : received {"channel": "ticker", "market": "BTC-PERP", "type": "update", "data": {"bid": 37215.0, "ask": 37216.0, "bidSize": 1.1628, "askSize": 0.19, "last": 37216.0, "time": 1643133710.750556}}
INFO	2022-01-26 02:01:50,796	6468	FtxWebSocketTest	[WebSocketConnectReadThread-13]	onMessage : received {"channel": "ticker", "market": "BTC-PERP", "type": "update", "data": {"bid": 37215.0, "ask": 37216.0, "bidSize": 1.1628, "askSize": 0.19, "last": 37216.0, "time": 1643133710.7698195}}
INFO	2022-01-26 02:01:50,837	6509	FtxWebSocketTest	[WebSocketConnectReadThread-13]	onMessage : received {"channel": "ticker", "market": "BTC-PERP", "type": "update", "data": {"bid": 37215.0, "ask": 37219.0, "bidSize": 1.1628, "askSize": 0.2922, "last": 37216.0, "time": 1643133710.801544}}
INFO	2022-01-26 02:01:50,925	6597	FtxWebSocketTest	[WebSocketConnectReadThread-13]	onMessage : received {"channel": "ticker", "market": "BTC-PERP", "type": "update", "data": {"bid": 37216.0, "ask": 37219.0, "bidSize": 1.5053, "askSize": 0.2922, "last": 37216.0, "time": 1643133710.833447}}
INFO	2022-01-26 02:01:50,925	6597	FtxWebSocketTest	[WebSocketConnectReadThread-13]	onMessage : received {"channel": "ticker", "market": "BTC-PERP", "type": "update", "data": {"bid": 37219.0, "ask": 37221.0, "bidSize": 0.26, "askSize": 0.1265, "last": 37221.0, "time": 1643133710.8609295}}
INFO	2022-01-26 02:01:51,077	6749	FtxWebSocketTest	[WebSocketConnectReadThread-13]	onMessage : received {"channel": "ticker", "market": "BTC-PERP", "type": "update", "data": {"bid": 37220.0, "ask": 37221.0, "bidSize": 1.4, "askSize": 0.3165, "last": 37221.0, "time": 1643133711.028694}}
INFO	2022-01-26 02:01:51,108	6780	FtxWebSocketTest	[WebSocketConnectReadThread-13]	onMessage : received {"channel": "ticker", "market": "BTC-PERP", "type": "update", "data": {"bid": 37223.0, "ask": 37224.0, "bidSize": 0.2, "askSize": 0.3533, "last": 37221.0, "time": 1643133711.0720992}}
INFO	2022-01-26 02:01:51,268	6940	FtxWebSocketTest	[WebSocketConnectReadThread-13]	onMessage : received {"channel": "ticker", "market": "BTC-PERP", "type": "update", "data": {"bid": 37223.0, "ask": 37224.0, "bidSize": 1.7201, "askSize": 0.3433, "last": 37221.0, "time": 1643133711.2112622}}
INFO	2022-01-26 02:01:51,282	6954	FtxWebSocketTest	[WebSocketConnectReadThread-13]	onMessage : received {"channel": "ticker", "market": "BTC-PERP", "type": "update", "data": {"bid": 37223.0, "ask": 37224.0, "bidSize": 1.7229, "askSize": 0.3433, "last": 37221.0, "time": 1643133711.2465823}}
INFO	2022-01-26 02:01:51,296	6968	FtxWebSocketTest	[WebSocketConnectReadThread-13]	onMessage : received {"channel": "ticker", "market": "BTC-PERP", "type": "update", "data": {"bid": 37223.0, "ask": 37224.0, "bidSize": 1.7229, "askSize": 0.3433, "last": 37221.0, "time": 1643133711.266285}}
INFO	2022-01-26 02:01:51,342	7014	FtxWebSocketTest	[WebSocketConnectReadThread-13]	onMessage : received {"channel": "ticker", "market": "BTC-PERP", "type": "update", "data": {"bid": 37223.0, "ask": 37224.0, "bidSize": 1.9389, "askSize": 0.3433, "last": 37221.0, "time": 1643133711.2933514}}
INFO	2022-01-26 02:01:51,347	7019	FtxWebSocketTest	[WebSocketConnectReadThread-13]	onMessage : received {"channel": "ticker", "market": "BTC-PERP", "type": "update", "data": {"bid": 37223.0, "ask": 37224.0, "bidSize": 1.9389, "askSize": 0.3433, "last": 37221.0, "time": 1643133711.317186}}
INFO	2022-01-26 02:01:51,372	7044	FtxWebSocketTest	[WebSocketConnectReadThread-13]	onMessage : received {"channel": "ticker", "market": "BTC-PERP", "type": "update", "data": {"bid": 37223.0, "ask": 37224.0, "bidSize": 7.0295, "askSize": 0.3433, "last": 37221.0, "time": 1643133711.3412464}}
INFO	2022-01-26 02:01:51,403	7075	FtxWebSocketTest	[WebSocketConnectReadThread-13]	onMessage : received {"channel": "ticker", "market": "BTC-PERP", "type": "update", "data": {"bid": 37223.0, "ask": 37224.0, "bidSize": 7.2637, "askSize": 0.3183, "last": 37221.0, "time": 1643133711.3651335}}
INFO	2022-01-26 02:01:51,481	7153	FtxWebSocketTest	[WebSocketConnectReadThread-13]	onClosed : Connection closed by us 1000|
INFO	2022-01-26 02:04:47,781	0	FtxWebSocketTest	[main]	BeforeClass : setup
INFO	2022-01-26 02:04:48,893	1112	FtxWebSocketTest	[WebSocketConnectReadThread-14]	onOpen : alt-svc = h3=":443"; ma=86400, h3-29=":443"; ma=86400
INFO	2022-01-26 02:04:48,894	1113	FtxWebSocketTest	[WebSocketConnectReadThread-14]	onOpen : CF-Cache-Status = DYNAMIC
INFO	2022-01-26 02:04:48,894	1113	FtxWebSocketTest	[WebSocketConnectReadThread-14]	onOpen : CF-RAY = 6d336d137d716c78-SIN
INFO	2022-01-26 02:04:48,894	1113	FtxWebSocketTest	[WebSocketConnectReadThread-14]	onOpen : Connection = upgrade
